
  <record>
    <leader>01000aam  22002601a 4500</leader>
    <controlfield tag="001">YPZ89329</controlfield>
    <controlfield tag="003">YPZ</controlfield>
    <controlfield tag="005">200808051400400</controlfield>
    <controlfield tag="008">080805|###########||||||b||||||||||spa|d</controlfield>
    <datafield tag="020" ind1=" " ind2=" ">
      <subfield code="a">9700500136</subfield>
    </datafield>
    <datafield tag="040" ind1=" " ind2=" ">
      <subfield code="c">SIUNPA</subfield>
    </datafield>
    <datafield tag="041" ind1=" " ind2=" ">
      <subfield code="a">spa</subfield>
    </datafield>
    <datafield tag="044" ind1=" " ind2=" ">
      <subfield code="a">AR</subfield>
    </datafield>
    <datafield tag="082" ind1=" " ind2=" ">
      <subfield code="a">364.28 A167a</subfield>
    </datafield>
    <datafield tag="245" ind1=" " ind2=" ">
      <subfield code="a">El abuso contra los niños</subfield>
      <subfield code="b"> : la perspectiva de los educadores</subfield>
      <subfield code="c"> / Maher, Peter, coordinador ; Fuentes Ortega, Zulai Marcela, tr.</subfield>
    </datafield>
    <datafield tag="250" ind1=" " ind2=" ">
      <subfield code="a">1a ed.</subfield>
    </datafield>
    <datafield tag="260" ind1=" " ind2=" ">
      <subfield code="a">México, D.F.</subfield>
      <subfield code="b"> : Grijalbo</subfield>
      <subfield code="b"> : Consejo Nacional para la Cultura y las Artes</subfield>
      <subfield code="c"> , 1990</subfield>
    </datafield>
    <datafield tag="942" ind1=" " ind2=" ">
      <subfield code="c">BK</subfield>
    </datafield>
    <datafield tag="952" ind1=" " ind2=" ">
      <subfield code="a">BIB_UACO</subfield>
      <subfield code="b">BIB_UACO</subfield>
      <subfield code="d">2008-08-05</subfield>
      <subfield code="y">BK</subfield>
      <subfield code="p">02-03688</subfield>
    </datafield>
  </record>