
  <record>
    <leader>01000aam  22002601a 4500</leader>
    <controlfield tag="001">YPZ89332</controlfield>
    <controlfield tag="003">YPZ</controlfield>
    <controlfield tag="005">200808051429400</controlfield>
    <controlfield tag="008">080805|###########||||||b||||||||||spa|d</controlfield>
    <datafield tag="040" ind1=" " ind2=" ">
      <subfield code="c">SIUNPA</subfield>
    </datafield>
    <datafield tag="041" ind1=" " ind2=" ">
      <subfield code="a">spa</subfield>
    </datafield>
    <datafield tag="044" ind1=" " ind2=" ">
      <subfield code="a">AR</subfield>
    </datafield>
    <datafield tag="082" ind1=" " ind2=" ">
      <subfield code="a">37.013 C578e</subfield>
    </datafield>
    <datafield tag="100" ind1=" " ind2=" ">
      <subfield code="a">Cirigliano, Gustavo F.J..</subfield>
    </datafield>
    <datafield tag="245" ind1=" " ind2=" ">
      <subfield code="a">Educacion y futuro</subfield>
    </datafield>
    <datafield tag="260" ind1=" " ind2=" ">
      <subfield code="a">Buenos Aires</subfield>
      <subfield code="b"> : Columbia</subfield>
      <subfield code="c"> , 1967</subfield>
    </datafield>
    <datafield tag="440" ind1=" " ind2=" ">
      <subfield code="a">Colección la educación en el tiempo</subfield>
      <subfield code="a">Colección carabela de bolsillo</subfield>
      <subfield code="a">Biblioteca de Educación. Serie: Formación docente</subfield>
      <subfield code="a">Los noventa</subfield>
      <subfield code="a">Serie de compendios Schaum</subfield>
      <subfield code="a">Nuevos esquemas</subfield>
      <subfield code="v">5</subfield>
    </datafield>
    <datafield tag="490" ind1=" " ind2=" ">
      <subfield code="a">Colección la educación en el tiempo</subfield>
      <subfield code="a">Colección carabela de bolsillo</subfield>
      <subfield code="a">Biblioteca de Educación. Serie: Formación docente</subfield>
      <subfield code="a">Los noventa</subfield>
      <subfield code="a">Serie de compendios Schaum</subfield>
      <subfield code="a">Nuevos esquemas</subfield>
      <subfield code="v">5</subfield>
    </datafield>
    <datafield tag="942" ind1=" " ind2=" ">
      <subfield code="c">BK</subfield>
    </datafield>
    <datafield tag="952" ind1=" " ind2=" ">
      <subfield code="a">BIB_UACO</subfield>
      <subfield code="b">BIB_UACO</subfield>
      <subfield code="d">2008-08-05</subfield>
      <subfield code="y">BK</subfield>
      <subfield code="p">02-00907</subfield>
    </datafield>
  </record>