
  <record>
    <leader>01000aam  22002601a 4500</leader>
    <controlfield tag="001">YPZ89334</controlfield>
    <controlfield tag="003">YPZ</controlfield>
    <controlfield tag="005">200808061106200</controlfield>
    <controlfield tag="008">080806|###########||||||b||||||||||spa|d</controlfield>
    <datafield tag="040" ind1=" " ind2=" ">
      <subfield code="c">SIUNPA</subfield>
    </datafield>
    <datafield tag="041" ind1=" " ind2=" ">
      <subfield code="a">spa</subfield>
    </datafield>
    <datafield tag="044" ind1=" " ind2=" ">
      <subfield code="a">AR</subfield>
    </datafield>
    <datafield tag="082" ind1=" " ind2=" ">
      <subfield code="a">165 K167c2</subfield>
    </datafield>
    <datafield tag="100" ind1=" " ind2=" ">
      <subfield code="a">Kant, Immanuel.</subfield>
    </datafield>
    <datafield tag="245" ind1=" " ind2=" ">
      <subfield code="a">Crítica de la razón pura</subfield>
      <subfield code="c"> / Álvarez, F.L., tr.</subfield>
    </datafield>
    <datafield tag="246" ind1=" " ind2=" ">
      <subfield code="a">Kritik der reinen vernunft.</subfield>
    </datafield>
    <datafield tag="250" ind1=" " ind2=" ">
      <subfield code="a">2a y 3a ed.</subfield>
    </datafield>
    <datafield tag="260" ind1=" " ind2=" ">
      <subfield code="a">Buenos Aires</subfield>
      <subfield code="b"> : Sopena</subfield>
      <subfield code="c"> , 1945</subfield>
    </datafield>
    <datafield tag="500" ind1=" " ind2=" ">
      <subfield code="a">Precedida de: Vida de Kant e Historia de los orígenes de la filosofía crítica / Fischer, Kuno; Perojo, José del, tr.</subfield>
    </datafield>
    <datafield tag="505" ind1="0" ind2="0">
      <subfield code="g">p. 9-35</subfield>
      <subfield code="g">- BIOGRAFIA|- KANT, IMMANUEL (1724-1804)</subfield>
      <subfield code="r">Fischer, Kuno</subfield>
      <subfield code="t">Vida de Kant</subfield>
    </datafield>
    <datafield tag="505" ind1="0" ind2="0">
      <subfield code="g">p. 37-58</subfield>
      <subfield code="g">HISTORIA DE LA FILOSOFIA|KANT, IMMANUEL</subfield>
      <subfield code="r">Fischer, Kuno</subfield>
      <subfield code="t">Historia de los orígenes de la filosofía crítica</subfield>
    </datafield>
    <datafield tag="773" ind1="0" ind2="#">
      <subfield code="a">Fischer, Kuno</subfield>
      <subfield code="g">- BIOGRAFIA|- KANT, IMMANUEL (1724-1804)</subfield>
      <subfield code="h">p. 9-35</subfield>
      <subfield code="t">Vida de Kant</subfield>
    </datafield>
    <datafield tag="773" ind1="0" ind2="#">
      <subfield code="a">Fischer, Kuno</subfield>
      <subfield code="g">HISTORIA DE LA FILOSOFIA|KANT, IMMANUEL</subfield>
      <subfield code="h">p. 37-58</subfield>
      <subfield code="t">Historia de los orígenes de la filosofía crítica</subfield>
    </datafield>
    <datafield tag="942" ind1=" " ind2=" ">
      <subfield code="c">BK</subfield>
    </datafield>
    <datafield tag="952" ind1=" " ind2=" ">
      <subfield code="a">BIB_UACO</subfield>
      <subfield code="b">BIB_UACO</subfield>
      <subfield code="d">2008-08-04</subfield>
      <subfield code="y">BK</subfield>
      <subfield code="p">02-01046</subfield>
    </datafield>
    <datafield tag="952" ind1=" " ind2=" ">
      <subfield code="a">BIB_UACO</subfield>
      <subfield code="b">BIB_UACO</subfield>
      <subfield code="d">2008-08-04</subfield>
      <subfield code="y">BK</subfield>
      <subfield code="p">02-01047</subfield>
    </datafield>
  </record>