
  <record>
    <leader>01000aam  22002601a 4500</leader>
    <controlfield tag="001">YPZ89352</controlfield>
    <controlfield tag="003">YPZ</controlfield>
    <controlfield tag="005">200808071105130</controlfield>
    <controlfield tag="008">080807|###########||||||b||||||||||spa|d</controlfield>
    <datafield tag="020" ind1=" " ind2=" ">
      <subfield code="a">0444514295</subfield>
    </datafield>
    <datafield tag="040" ind1=" " ind2=" ">
      <subfield code="c">SIUNPA</subfield>
    </datafield>
    <datafield tag="041" ind1=" " ind2=" ">
      <subfield code="a">eng</subfield>
    </datafield>
    <datafield tag="044" ind1=" " ind2=" ">
      <subfield code="a">US</subfield>
    </datafield>
    <datafield tag="082" ind1=" " ind2=" ">
      <subfield code="a">556 J255w</subfield>
    </datafield>
    <datafield tag="100" ind1=" " ind2=" ">
      <subfield code="a">Jain, Sharad Kumar.</subfield>
    </datafield>
    <datafield tag="700" ind1=" " ind2=" ">
      <subfield code="a">Singh, Vijay P..</subfield>
    </datafield>
    <datafield tag="245" ind1=" " ind2=" ">
      <subfield code="a">Water resources systems planning and management</subfield>
    </datafield>
    <datafield tag="250" ind1=" " ind2=" ">
      <subfield code="a">1st ed.</subfield>
    </datafield>
    <datafield tag="260" ind1=" " ind2=" ">
      <subfield code="a">Boston, Mass.</subfield>
      <subfield code="b"> : Elsevier</subfield>
      <subfield code="c"> , reimpr. 2005</subfield>
    </datafield>
    <datafield tag="440" ind1=" " ind2=" ">
      <subfield code="a">Eudema Universidad. Textos de apoyo</subfield>
      <subfield code="a">Colección didáctica</subfield>
      <subfield code="a">Inclusiones. Categorías</subfield>
      <subfield code="a">Inclusiones. Categorías</subfield>
      <subfield code="a">Inclusiones. Categorías</subfield>
      <subfield code="a">Biblioteca de Sociología</subfield>
      <subfield code="a">Colección itinerarios</subfield>
      <subfield code="a">Agenda educativa</subfield>
      <subfield code="a">Caronte filosofía</subfield>
      <subfield code="a">Developments in water science</subfield>
      <subfield code="v">51</subfield>
    </datafield>
    <datafield tag="490" ind1=" " ind2=" ">
      <subfield code="a">Eudema Universidad. Textos de apoyo</subfield>
      <subfield code="a">Colección didáctica</subfield>
      <subfield code="a">Inclusiones. Categorías</subfield>
      <subfield code="a">Inclusiones. Categorías</subfield>
      <subfield code="a">Inclusiones. Categorías</subfield>
      <subfield code="a">Biblioteca de Sociología</subfield>
      <subfield code="a">Colección itinerarios</subfield>
      <subfield code="a">Agenda educativa</subfield>
      <subfield code="a">Caronte filosofía</subfield>
      <subfield code="a">Developments in water science</subfield>
      <subfield code="v">51</subfield>
    </datafield>
    <datafield tag="942" ind1=" " ind2=" ">
      <subfield code="c">BK</subfield>
    </datafield>
    <datafield tag="952" ind1=" " ind2=" ">
      <subfield code="a">BIB_UARG</subfield>
      <subfield code="b">BIB_UARG</subfield>
      <subfield code="d">2008-08-06</subfield>
      <subfield code="y">BK</subfield>
      <subfield code="p">05-36325</subfield>
    </datafield>
  </record>