
  <record>
    <leader>01000aam  22002601a 4500</leader>
    <controlfield tag="001">YPZ89376</controlfield>
    <controlfield tag="003">YPZ</controlfield>
    <controlfield tag="005">200808081626530</controlfield>
    <controlfield tag="008">080808|###########||||||b||||||||||spa|d</controlfield>
    <datafield tag="020" ind1=" " ind2=" ">
      <subfield code="a">9681601882</subfield>
    </datafield>
    <datafield tag="040" ind1=" " ind2=" ">
      <subfield code="c">SIUNPA</subfield>
    </datafield>
    <datafield tag="041" ind1=" " ind2=" ">
      <subfield code="a">spa</subfield>
    </datafield>
    <datafield tag="044" ind1=" " ind2=" ">
      <subfield code="a">MX</subfield>
    </datafield>
    <datafield tag="082" ind1=" " ind2=" ">
      <subfield code="a">141.82 F932m</subfield>
    </datafield>
    <datafield tag="100" ind1=" " ind2=" ">
      <subfield code="a">Fromm, Erich.</subfield>
    </datafield>
    <datafield tag="245" ind1=" " ind2=" ">
      <subfield code="a">Marx y su concepto del hombre</subfield>
      <subfield code="c"> / Campos, Julieta, tr.</subfield>
    </datafield>
    <datafield tag="250" ind1=" " ind2=" ">
      <subfield code="a">1a ed. en español</subfield>
    </datafield>
    <datafield tag="260" ind1=" " ind2=" ">
      <subfield code="a">México, D.F.</subfield>
      <subfield code="b"> : Fondo de Cultura Económica</subfield>
      <subfield code="c"> , c1962</subfield>
    </datafield>
    <datafield tag="440" ind1=" " ind2=" ">
      <subfield code="a">Breviarios del Fondo de Cultura Económica</subfield>
      <subfield code="v">166</subfield>
    </datafield>
    <datafield tag="490" ind1=" " ind2=" ">
      <subfield code="a">Breviarios del Fondo de Cultura Económica</subfield>
      <subfield code="v">166</subfield>
    </datafield>
    <datafield tag="500" ind1=" " ind2=" ">
      <subfield code="a">La fecha de reimpresión varía según el ejemplar</subfield>
    </datafield>
    <datafield tag="505" ind1="0" ind2="0">
      <subfield code="g">p. 95-176</subfield>
      <subfield code="g">- MARXISMO|- TEORIAS FILOSOFICAS</subfield>
      <subfield code="r">Marx, Karl</subfield>
      <subfield code="t">Manuscritos económicos-filosóficos</subfield>
    </datafield>
    <datafield tag="773" ind1="0" ind2="#">
      <subfield code="a">Marx, Karl</subfield>
      <subfield code="g">- MARXISMO|- TEORIAS FILOSOFICAS</subfield>
      <subfield code="h">p. 95-176</subfield>
      <subfield code="t">Manuscritos económicos-filosóficos</subfield>
    </datafield>
    <datafield tag="942" ind1=" " ind2=" ">
      <subfield code="c">BK</subfield>
    </datafield>
    <datafield tag="952" ind1=" " ind2=" ">
      <subfield code="a">BIB_UARG</subfield>
      <subfield code="b">BIB_UARG</subfield>
      <subfield code="d">2008-08-07</subfield>
      <subfield code="y">BK</subfield>
      <subfield code="p">05-04274</subfield>
    </datafield>
    <datafield tag="952" ind1=" " ind2=" ">
      <subfield code="a">BIB_UARG</subfield>
      <subfield code="b">BIB_UARG</subfield>
      <subfield code="d">2013-06-23</subfield>
      <subfield code="y">BK</subfield>
      <subfield code="p">05-45021</subfield>
    </datafield>
  </record>