
  <record>
    <leader>01000aam  22002601a 4500</leader>
    <controlfield tag="001">YPZ89386</controlfield>
    <controlfield tag="003">YPZ</controlfield>
    <controlfield tag="005">200808111243230</controlfield>
    <controlfield tag="008">080811|###########||||||b||||||||||spa|d</controlfield>
    <datafield tag="040" ind1=" " ind2=" ">
      <subfield code="c">SIUNPA</subfield>
    </datafield>
    <datafield tag="041" ind1=" " ind2=" ">
      <subfield code="a">spa</subfield>
    </datafield>
    <datafield tag="044" ind1=" " ind2=" ">
      <subfield code="a">AR</subfield>
    </datafield>
    <datafield tag="082" ind1=" " ind2=" ">
      <subfield code="a">159.953.5 V623i7</subfield>
    </datafield>
    <datafield tag="100" ind1=" " ind2=" ">
      <subfield code="a">Viaud, Gastón.</subfield>
    </datafield>
    <datafield tag="245" ind1=" " ind2=" ">
      <subfield code="a">La inteligencia</subfield>
      <subfield code="b"> : su evolución y sus formas</subfield>
      <subfield code="c"> / Sond, Alberto, tr. ; Bernstein, Jaime, versión castellana supervisada</subfield>
    </datafield>
    <datafield tag="250" ind1=" " ind2=" ">
      <subfield code="a">7a ed.</subfield>
    </datafield>
    <datafield tag="260" ind1=" " ind2=" ">
      <subfield code="a">Buenos Aires</subfield>
      <subfield code="b"> : Paidós</subfield>
      <subfield code="c"> , 1958</subfield>
    </datafield>
    <datafield tag="440" ind1=" " ind2=" ">
      <subfield code="a">Temas / Eudeba. Filosofía</subfield>
      <subfield code="a">Manuales de Eudeba / Psicología</subfield>
      <subfield code="a">Biblioteca del hombre contemporáneo</subfield>
      <subfield code="v">25</subfield>
    </datafield>
    <datafield tag="490" ind1=" " ind2=" ">
      <subfield code="a">Temas / Eudeba. Filosofía</subfield>
      <subfield code="a">Manuales de Eudeba / Psicología</subfield>
      <subfield code="a">Biblioteca del hombre contemporáneo</subfield>
      <subfield code="v">25</subfield>
    </datafield>
    <datafield tag="942" ind1=" " ind2=" ">
      <subfield code="c">BK</subfield>
    </datafield>
    <datafield tag="952" ind1=" " ind2=" ">
      <subfield code="a">BIB_UARG</subfield>
      <subfield code="b">BIB_UARG</subfield>
      <subfield code="d">2008-08-11</subfield>
      <subfield code="y">BK</subfield>
      <subfield code="p">05-05687</subfield>
    </datafield>
  </record>