
  <record>
    <leader>01000aam  22002601a 4500</leader>
    <controlfield tag="001">YPZ89395</controlfield>
    <controlfield tag="003">YPZ</controlfield>
    <controlfield tag="005">200808111427410</controlfield>
    <controlfield tag="008">080811|###########||||||b||||||||||spa|d</controlfield>
    <datafield tag="040" ind1=" " ind2=" ">
      <subfield code="c">SIUNPA</subfield>
    </datafield>
    <datafield tag="041" ind1=" " ind2=" ">
      <subfield code="a">spa</subfield>
    </datafield>
    <datafield tag="044" ind1=" " ind2=" ">
      <subfield code="a">AR</subfield>
    </datafield>
    <datafield tag="082" ind1=" " ind2=" ">
      <subfield code="a">159.9(091) M978i2</subfield>
    </datafield>
    <datafield tag="100" ind1=" " ind2=" ">
      <subfield code="a">Murphy, Gardner.</subfield>
    </datafield>
    <datafield tag="245" ind1=" " ind2=" ">
      <subfield code="a">Introducción histórica a la psicología contemporánea</subfield>
      <subfield code="c"> / Loedel, Eduardo, versión castellana ; Butelman, Enrique, presentación y supervisión de la versión castellana</subfield>
    </datafield>
    <datafield tag="260" ind1=" " ind2=" ">
      <subfield code="a">Buenos Aires</subfield>
      <subfield code="b"> : Paidós</subfield>
      <subfield code="c"> , 1964</subfield>
    </datafield>
    <datafield tag="440" ind1=" " ind2=" ">
      <subfield code="a">Biblioteca de ciencias comerciales, económicas y sociales</subfield>
      <subfield code="a">Biblioteca de historia de la Psicología</subfield>
      <subfield code="v">v.2</subfield>
    </datafield>
    <datafield tag="490" ind1=" " ind2=" ">
      <subfield code="a">Biblioteca de ciencias comerciales, económicas y sociales</subfield>
      <subfield code="a">Biblioteca de historia de la Psicología</subfield>
      <subfield code="v">v.2</subfield>
    </datafield>
    <datafield tag="942" ind1=" " ind2=" ">
      <subfield code="c">BK</subfield>
    </datafield>
    <datafield tag="952" ind1=" " ind2=" ">
      <subfield code="a">BIB_UARG</subfield>
      <subfield code="b">BIB_UARG</subfield>
      <subfield code="d">2008-08-11</subfield>
      <subfield code="y">BK</subfield>
      <subfield code="p">05-05570</subfield>
    </datafield>
  </record>