
  <record>
    <leader>01000aam  22002601a 4500</leader>
    <controlfield tag="001">YPZ89406</controlfield>
    <controlfield tag="003">YPZ</controlfield>
    <controlfield tag="005">200808111656150</controlfield>
    <controlfield tag="008">080811|###########||||||b||||||||||spa|d</controlfield>
    <datafield tag="040" ind1=" " ind2=" ">
      <subfield code="c">SIUNPA</subfield>
    </datafield>
    <datafield tag="041" ind1=" " ind2=" ">
      <subfield code="a">spa</subfield>
    </datafield>
    <datafield tag="044" ind1=" " ind2=" ">
      <subfield code="a">AR</subfield>
    </datafield>
    <datafield tag="082" ind1=" " ind2=" ">
      <subfield code="a">159.9.07 N972i</subfield>
    </datafield>
    <datafield tag="100" ind1=" " ind2=" ">
      <subfield code="a">Nunnally, Jum C..</subfield>
    </datafield>
    <datafield tag="245" ind1=" " ind2=" ">
      <subfield code="a">Introducción a la medición psicológica</subfield>
      <subfield code="c"> / Halperin Donghi, Leticia, versión castellana</subfield>
    </datafield>
    <datafield tag="260" ind1=" " ind2=" ">
      <subfield code="a">Buenos Aires</subfield>
      <subfield code="b"> : Paidós</subfield>
      <subfield code="c"> , 1970</subfield>
    </datafield>
    <datafield tag="440" ind1=" " ind2=" ">
      <subfield code="a">Estudios y ensayos / Lautaro</subfield>
      <subfield code="a">Temas de Eudeba / Medicina</subfield>
      <subfield code="a">Colección demos. Serie de economía de la empresa</subfield>
      <subfield code="a">Colección demos. Serie I</subfield>
      <subfield code="a">Biblioteca de Economía / Marymar</subfield>
      <subfield code="a">Colección Laureano Figuerola</subfield>
      <subfield code="a">Colección Laureano Figuerola</subfield>
      <subfield code="a">Biblioteca de psicometría y psicodiagnóstico. Serie mayor</subfield>
      <subfield code="v">v. 36</subfield>
    </datafield>
    <datafield tag="490" ind1=" " ind2=" ">
      <subfield code="a">Estudios y ensayos / Lautaro</subfield>
      <subfield code="a">Temas de Eudeba / Medicina</subfield>
      <subfield code="a">Colección demos. Serie de economía de la empresa</subfield>
      <subfield code="a">Colección demos. Serie I</subfield>
      <subfield code="a">Biblioteca de Economía / Marymar</subfield>
      <subfield code="a">Colección Laureano Figuerola</subfield>
      <subfield code="a">Colección Laureano Figuerola</subfield>
      <subfield code="a">Biblioteca de psicometría y psicodiagnóstico. Serie mayor</subfield>
      <subfield code="v">v. 36</subfield>
    </datafield>
    <datafield tag="942" ind1=" " ind2=" ">
      <subfield code="c">BK</subfield>
    </datafield>
    <datafield tag="952" ind1=" " ind2=" ">
      <subfield code="a">BIB_UARG</subfield>
      <subfield code="b">BIB_UARG</subfield>
      <subfield code="d">2008-08-11</subfield>
      <subfield code="y">BK</subfield>
      <subfield code="p">05-05580</subfield>
    </datafield>
  </record>