
  <record>
    <leader>01000aam  22002601a 4500</leader>
    <controlfield tag="001">YPZ89410</controlfield>
    <controlfield tag="003">YPZ</controlfield>
    <controlfield tag="005">200808121052030</controlfield>
    <controlfield tag="008">080812|###########||||||b||||||||||spa|d</controlfield>
    <datafield tag="040" ind1=" " ind2=" ">
      <subfield code="c">SIUNPA</subfield>
    </datafield>
    <datafield tag="041" ind1=" " ind2=" ">
      <subfield code="a">spa</subfield>
    </datafield>
    <datafield tag="044" ind1=" " ind2=" ">
      <subfield code="a">AR</subfield>
    </datafield>
    <datafield tag="082" ind1=" " ind2=" ">
      <subfield code="a">159.9.07 R787p</subfield>
    </datafield>
    <datafield tag="100" ind1=" " ind2=" ">
      <subfield code="a">Rorschach, Hermann.</subfield>
    </datafield>
    <datafield tag="245" ind1=" " ind2=" ">
      <subfield code="a">Psicodiagnóstico</subfield>
      <subfield code="b"> : aplicación del psicodiagnóstico</subfield>
      <subfield code="c"> / Rosenthal, Ludovico, tr. ; Comisión Rorschach (Suiza), versión rev. y aprobada</subfield>
    </datafield>
    <datafield tag="260" ind1=" " ind2=" ">
      <subfield code="a">Buenos Aires</subfield>
      <subfield code="b"> : Paidós</subfield>
      <subfield code="c"> , 1948</subfield>
    </datafield>
    <datafield tag="440" ind1=" " ind2=" ">
      <subfield code="a">Biblioteca psicotecnia</subfield>
      <subfield code="v">2</subfield>
    </datafield>
    <datafield tag="490" ind1=" " ind2=" ">
      <subfield code="a">Biblioteca psicotecnia</subfield>
      <subfield code="v">2</subfield>
    </datafield>
    <datafield tag="505" ind1="0" ind2="0">
      <subfield code="g">p. 186-219</subfield>
      <subfield code="g">- PSICODIAGNOSTICO</subfield>
      <subfield code="r">Oberholzer, Emil</subfield>
      <subfield code="t">Aplicación del psicodiagnóstico</subfield>
    </datafield>
    <datafield tag="505" ind1="0" ind2="0">
      <subfield code="g">p. 220-237</subfield>
      <subfield code="g">- PSICODIAGNOSTICO</subfield>
      <subfield code="r">Morgenthaler, W.|Berna, Muri</subfield>
      <subfield code="t">Técnica del psicodiagnóstico de Rorschach</subfield>
    </datafield>
    <datafield tag="773" ind1="0" ind2="#">
      <subfield code="a">Oberholzer, Emil</subfield>
      <subfield code="g">- PSICODIAGNOSTICO</subfield>
      <subfield code="h">p. 186-219</subfield>
      <subfield code="t">Aplicación del psicodiagnóstico</subfield>
    </datafield>
    <datafield tag="773" ind1="0" ind2="#">
      <subfield code="a">Morgenthaler, W.|Berna, Muri</subfield>
      <subfield code="g">- PSICODIAGNOSTICO</subfield>
      <subfield code="h">p. 220-237</subfield>
      <subfield code="t">Técnica del psicodiagnóstico de Rorschach</subfield>
    </datafield>
    <datafield tag="942" ind1=" " ind2=" ">
      <subfield code="c">BK</subfield>
    </datafield>
    <datafield tag="952" ind1=" " ind2=" ">
      <subfield code="a">BIB_UARG</subfield>
      <subfield code="b">BIB_UARG</subfield>
      <subfield code="d">2008-08-12</subfield>
      <subfield code="y">BK</subfield>
      <subfield code="p">05-05638</subfield>
    </datafield>
  </record>