
  <record>
    <leader>01000aam  22002601a 4500</leader>
    <controlfield tag="001">YPZ89460</controlfield>
    <controlfield tag="003">YPZ</controlfield>
    <controlfield tag="005">200808151355350</controlfield>
    <controlfield tag="008">080815|###########||||||b||||||||||spa|d</controlfield>
    <datafield tag="020" ind1=" " ind2=" ">
      <subfield code="a">0070907692 (v.1)</subfield>
    </datafield>
    <datafield tag="020" ind1=" " ind2=" ">
      <subfield code="a">0070907757 (v.2)</subfield>
    </datafield>
    <datafield tag="040" ind1=" " ind2=" ">
      <subfield code="c">SIUNPA</subfield>
    </datafield>
    <datafield tag="041" ind1=" " ind2=" ">
      <subfield code="a">spa</subfield>
    </datafield>
    <datafield tag="044" ind1=" " ind2=" ">
      <subfield code="a">PA</subfield>
    </datafield>
    <datafield tag="082" ind1=" " ind2=" ">
      <subfield code="a">510.6 L832l</subfield>
    </datafield>
    <datafield tag="245" ind1=" " ind2=" ">
      <subfield code="a">Lógica</subfield>
      <subfield code="c"> / Alfonso, Hernando, tr.</subfield>
    </datafield>
    <datafield tag="260" ind1=" " ind2=" ">
      <subfield code="a">Colón, Panamá</subfield>
      <subfield code="b"> : McGraw-Hill Latinoamerica</subfield>
      <subfield code="c"> , 1974</subfield>
    </datafield>
    <datafield tag="440" ind1=" " ind2=" ">
      <subfield code="a">Economía latinoamericana</subfield>
      <subfield code="a">Sección de obras de economía</subfield>
      <subfield code="a">Colección economía y sociedad</subfield>
      <subfield code="a">Sección de obras de sociología</subfield>
      <subfield code="a">Economía y demografía</subfield>
      <subfield code="a">Colección didáctica / Espacio</subfield>
      <subfield code="a">Curso básico de matemáticas / The Open University</subfield>
      <subfield code="v">M100 11, M100 17</subfield>
    </datafield>
    <datafield tag="490" ind1=" " ind2=" ">
      <subfield code="a">Economía latinoamericana</subfield>
      <subfield code="a">Sección de obras de economía</subfield>
      <subfield code="a">Colección economía y sociedad</subfield>
      <subfield code="a">Sección de obras de sociología</subfield>
      <subfield code="a">Economía y demografía</subfield>
      <subfield code="a">Colección didáctica / Espacio</subfield>
      <subfield code="a">Curso básico de matemáticas / The Open University</subfield>
      <subfield code="v">M100 11, M100 17</subfield>
    </datafield>
    <datafield tag="500" ind1=" " ind2=" ">
      <subfield code="a">En portada: preparado por el Equipo del Curso Básico de Matemáticas</subfield>
    </datafield>
    <datafield tag="942" ind1=" " ind2=" ">
      <subfield code="c">BK</subfield>
    </datafield>
    <datafield tag="952" ind1=" " ind2=" ">
      <subfield code="a">BIB_UACO</subfield>
      <subfield code="b">BIB_UACO</subfield>
      <subfield code="d">2008-08-19</subfield>
      <subfield code="y">BK</subfield>
      <subfield code="p">02-01683</subfield>
    </datafield>
    <datafield tag="952" ind1=" " ind2=" ">
      <subfield code="a">BIB_UACO</subfield>
      <subfield code="b">BIB_UACO</subfield>
      <subfield code="d">2008-08-15</subfield>
      <subfield code="y">BK</subfield>
      <subfield code="p">02-01684</subfield>
    </datafield>
  </record>