
  <record>
    <leader>01000aam  22002601a 4500</leader>
    <controlfield tag="001">YPZ89470</controlfield>
    <controlfield tag="003">YPZ</controlfield>
    <controlfield tag="005">200808151554520</controlfield>
    <controlfield tag="008">080815|###########||||||b||||||||||spa|d</controlfield>
    <datafield tag="020" ind1=" " ind2=" ">
      <subfield code="a">9509467146</subfield>
    </datafield>
    <datafield tag="040" ind1=" " ind2=" ">
      <subfield code="c">SIUNPA</subfield>
    </datafield>
    <datafield tag="041" ind1=" " ind2=" ">
      <subfield code="a">spa</subfield>
    </datafield>
    <datafield tag="044" ind1=" " ind2=" ">
      <subfield code="a">AR</subfield>
    </datafield>
    <datafield tag="082" ind1=" " ind2=" ">
      <subfield code="a">37.014.22 L792a</subfield>
    </datafield>
    <datafield tag="100" ind1=" " ind2=" ">
      <subfield code="a">Llomovatte, Silvia.</subfield>
    </datafield>
    <datafield tag="245" ind1=" " ind2=" ">
      <subfield code="a">Analfabetismo y analfabetos en Argentina</subfield>
    </datafield>
    <datafield tag="250" ind1=" " ind2=" ">
      <subfield code="a">1a ed. en español</subfield>
    </datafield>
    <datafield tag="260" ind1=" " ind2=" ">
      <subfield code="a">Buenos Aires</subfield>
      <subfield code="b"> : Miño y Dávila</subfield>
      <subfield code="c"> , 1989</subfield>
    </datafield>
    <datafield tag="440" ind1=" " ind2=" ">
      <subfield code="a">Educación hoy y mañana</subfield>
      <subfield code="a">Educación, crítica y debate</subfield>
      <subfield code="a">La pedagogía hoy</subfield>
      <subfield code="a">Serie plata</subfield>
      <subfield code="a">Estrategias de aula</subfield>
      <subfield code="a">Biblioteca de Educación / Quinto Centenario</subfield>
      <subfield code="a">Serie plata</subfield>
      <subfield code="a">Cuadernos FLACSO</subfield>
      <subfield code="v">no. 5</subfield>
    </datafield>
    <datafield tag="490" ind1=" " ind2=" ">
      <subfield code="a">Educación hoy y mañana</subfield>
      <subfield code="a">Educación, crítica y debate</subfield>
      <subfield code="a">La pedagogía hoy</subfield>
      <subfield code="a">Serie plata</subfield>
      <subfield code="a">Estrategias de aula</subfield>
      <subfield code="a">Biblioteca de Educación / Quinto Centenario</subfield>
      <subfield code="a">Serie plata</subfield>
      <subfield code="a">Cuadernos FLACSO</subfield>
      <subfield code="v">no. 5</subfield>
    </datafield>
    <datafield tag="942" ind1=" " ind2=" ">
      <subfield code="c">BK</subfield>
    </datafield>
    <datafield tag="952" ind1=" " ind2=" ">
      <subfield code="a">BIB_UACO</subfield>
      <subfield code="b">BIB_UACO</subfield>
      <subfield code="d">2008-08-15</subfield>
      <subfield code="y">BK</subfield>
      <subfield code="p">02-03122</subfield>
    </datafield>
  </record>