
  <record>
    <leader>01000aam  22002601a 4500</leader>
    <controlfield tag="001">YPZ89531</controlfield>
    <controlfield tag="003">YPZ</controlfield>
    <controlfield tag="005">200808251104390</controlfield>
    <controlfield tag="008">080825|###########||||||b||||||||||spa|d</controlfield>
    <datafield tag="040" ind1=" " ind2=" ">
      <subfield code="c">SIUNPA</subfield>
    </datafield>
    <datafield tag="041" ind1=" " ind2=" ">
      <subfield code="a">spa</subfield>
    </datafield>
    <datafield tag="044" ind1=" " ind2=" ">
      <subfield code="a">AR</subfield>
    </datafield>
    <datafield tag="082" ind1=" " ind2=" ">
      <subfield code="a">821.134.2(82) A524a</subfield>
    </datafield>
    <datafield tag="245" ind1=" " ind2=" ">
      <subfield code="a">El amor de la estanciera</subfield>
      <subfield code="c"> / Ordaz, Luis, selección, pról. y notas</subfield>
    </datafield>
    <datafield tag="260" ind1=" " ind2=" ">
      <subfield code="a">Buenos Aires</subfield>
      <subfield code="b"> : Centro Editor de América Latina</subfield>
      <subfield code="c"> , 1979</subfield>
    </datafield>
    <datafield tag="440" ind1=" " ind2=" ">
      <subfield code="a">Capítulo. Biblioteca argentina fundamental|El teatro argentino</subfield>
      <subfield code="v">15|no.1</subfield>
    </datafield>
    <datafield tag="490" ind1=" " ind2=" ">
      <subfield code="a">Capítulo. Biblioteca argentina fundamental|El teatro argentino</subfield>
      <subfield code="v">15|no.1</subfield>
    </datafield>
    <datafield tag="500" ind1=" " ind2=" ">
      <subfield code="a">Tít. de cubierta: El teatro argentino 1. Desde los orígenes hasta Caseros</subfield>
    </datafield>
    <datafield tag="505" ind1="0" ind2="0">
      <subfield code="g">p. 33-58</subfield>
      <subfield code="g">- LITERATURA ARGENTINA|TEATRO ARGENTINO</subfield>
      <subfield code="r"/>
      <subfield code="t">El detall de la acción de Maipú</subfield>
    </datafield>
    <datafield tag="505" ind1="0" ind2="0">
      <subfield code="g">p. 59-85</subfield>
      <subfield code="g">- LITERATURA ARGENTINA|TEATRO ARGENTINO</subfield>
      <subfield code="r">Varela,  Juan Cruz</subfield>
      <subfield code="t">A río revuelto ganancia de pescadores</subfield>
    </datafield>
    <datafield tag="505" ind1="0" ind2="0">
      <subfield code="g">p. 87-110</subfield>
      <subfield code="g">- LITERATURA ARGENTINA|TEATRO ARGENTINO</subfield>
      <subfield code="r">Alberdi,  Juan Bautista</subfield>
      <subfield code="t">El gigante Amapolas y sus formidables enemigos o sea fastos dramáticos de una guerra memorable</subfield>
    </datafield>
    <datafield tag="773" ind1="0" ind2="#">
      <subfield code="a"/>
      <subfield code="g">- LITERATURA ARGENTINA|TEATRO ARGENTINO</subfield>
      <subfield code="h">p. 33-58</subfield>
      <subfield code="t">El detall de la acción de Maipú</subfield>
    </datafield>
    <datafield tag="773" ind1="0" ind2="#">
      <subfield code="a">Varela,  Juan Cruz</subfield>
      <subfield code="g">- LITERATURA ARGENTINA|TEATRO ARGENTINO</subfield>
      <subfield code="h">p. 59-85</subfield>
      <subfield code="t">A río revuelto ganancia de pescadores</subfield>
    </datafield>
    <datafield tag="773" ind1="0" ind2="#">
      <subfield code="a">Alberdi,  Juan Bautista</subfield>
      <subfield code="g">- LITERATURA ARGENTINA|TEATRO ARGENTINO</subfield>
      <subfield code="h">p. 87-110</subfield>
      <subfield code="t">El gigante Amapolas y sus formidables enemigos o sea fastos dramáticos de una guerra memorable</subfield>
    </datafield>
    <datafield tag="942" ind1=" " ind2=" ">
      <subfield code="c">BK</subfield>
    </datafield>
    <datafield tag="952" ind1=" " ind2=" ">
      <subfield code="a">BIB_UACO</subfield>
      <subfield code="b">BIB_UACO</subfield>
      <subfield code="d">2008-08-25</subfield>
      <subfield code="y">BK</subfield>
      <subfield code="p">02-01763</subfield>
    </datafield>
  </record>