
  <record>
    <leader>01000aam  22002601a 4500</leader>
    <controlfield tag="001">YPZ89534</controlfield>
    <controlfield tag="003">YPZ</controlfield>
    <controlfield tag="005">200808251203160</controlfield>
    <controlfield tag="008">080825|###########||||||b||||||||||spa|d</controlfield>
    <datafield tag="040" ind1=" " ind2=" ">
      <subfield code="c">SIUNPA</subfield>
    </datafield>
    <datafield tag="041" ind1=" " ind2=" ">
      <subfield code="a">spa</subfield>
    </datafield>
    <datafield tag="044" ind1=" " ind2=" ">
      <subfield code="a">AR</subfield>
    </datafield>
    <datafield tag="082" ind1=" " ind2=" ">
      <subfield code="a">821.134.2(82) S669t</subfield>
    </datafield>
    <datafield tag="100" ind1=" " ind2=" ">
      <subfield code="a">Sánchez, Florencio.</subfield>
    </datafield>
    <datafield tag="245" ind1=" " ind2=" ">
      <subfield code="a">El teatro argentino</subfield>
      <subfield code="b"> : 4. Florencio Sánchez</subfield>
      <subfield code="c"> / Ordaz, Luis, selección, pról. y notas</subfield>
    </datafield>
    <datafield tag="260" ind1=" " ind2=" ">
      <subfield code="a">Buenos Aires</subfield>
      <subfield code="b"> : Centro Editor de América Latina</subfield>
      <subfield code="c"> , 1980</subfield>
    </datafield>
    <datafield tag="440" ind1=" " ind2=" ">
      <subfield code="a">Capítulo. Biblioteca argentina fundamental|El teatro argentino</subfield>
      <subfield code="v">38|no.4</subfield>
    </datafield>
    <datafield tag="490" ind1=" " ind2=" ">
      <subfield code="a">Capítulo. Biblioteca argentina fundamental|El teatro argentino</subfield>
      <subfield code="v">38|no.4</subfield>
    </datafield>
    <datafield tag="505" ind1="0" ind2="0">
      <subfield code="g">p. 7-49</subfield>
      <subfield code="g">- LITERATURA ARGENTINA|-TEATRO ARGENTINO</subfield>
      <subfield code="r">Sánchez, Florencio</subfield>
      <subfield code="t">En familia</subfield>
    </datafield>
    <datafield tag="505" ind1="0" ind2="0">
      <subfield code="g">p.51-115</subfield>
      <subfield code="g">- LITERATURA ARGENTINA|-TEATRO ARGENTINO</subfield>
      <subfield code="r">Sánchez, Florencio</subfield>
      <subfield code="t">Barranca abajo</subfield>
    </datafield>
    <datafield tag="773" ind1="0" ind2="#">
      <subfield code="a">Sánchez, Florencio</subfield>
      <subfield code="g">- LITERATURA ARGENTINA|-TEATRO ARGENTINO</subfield>
      <subfield code="h">p. 7-49</subfield>
      <subfield code="t">En familia</subfield>
    </datafield>
    <datafield tag="773" ind1="0" ind2="#">
      <subfield code="a">Sánchez, Florencio</subfield>
      <subfield code="g">- LITERATURA ARGENTINA|-TEATRO ARGENTINO</subfield>
      <subfield code="h">p.51-115</subfield>
      <subfield code="t">Barranca abajo</subfield>
    </datafield>
    <datafield tag="942" ind1=" " ind2=" ">
      <subfield code="c">BK</subfield>
    </datafield>
    <datafield tag="952" ind1=" " ind2=" ">
      <subfield code="a">BIB_UACO</subfield>
      <subfield code="b">BIB_UACO</subfield>
      <subfield code="d">2008-08-25</subfield>
      <subfield code="y">BK</subfield>
      <subfield code="p">02-01787</subfield>
    </datafield>
  </record>