
  <record>
    <leader>01000aam  22002601a 4500</leader>
    <controlfield tag="001">YPZ89540</controlfield>
    <controlfield tag="003">YPZ</controlfield>
    <controlfield tag="005">200808251415280</controlfield>
    <controlfield tag="008">080825|###########||||||b||||||||||spa|d</controlfield>
    <datafield tag="040" ind1=" " ind2=" ">
      <subfield code="c">SIUNPA</subfield>
    </datafield>
    <datafield tag="041" ind1=" " ind2=" ">
      <subfield code="a">spa</subfield>
    </datafield>
    <datafield tag="044" ind1=" " ind2=" ">
      <subfield code="a">AR</subfield>
    </datafield>
    <datafield tag="082" ind1=" " ind2=" ">
      <subfield code="a">821.134.2(82) D313m</subfield>
    </datafield>
    <datafield tag="100" ind1=" " ind2=" ">
      <subfield code="a">Defilippis Novoa, Francisco.</subfield>
    </datafield>
    <datafield tag="245" ind1=" " ind2=" ">
      <subfield code="a">María la tonta</subfield>
      <subfield code="c"> / Ordaz, Luis, selección, pról. y notas</subfield>
    </datafield>
    <datafield tag="260" ind1=" " ind2=" ">
      <subfield code="a">Buenos Aires</subfield>
      <subfield code="b"> : Centro Editor de América Latina</subfield>
      <subfield code="c"> , 1980</subfield>
    </datafield>
    <datafield tag="440" ind1=" " ind2=" ">
      <subfield code="a">Capítulo. Biblioteca argentina fundamental|El teatro argentino</subfield>
      <subfield code="v">59|no. 8</subfield>
    </datafield>
    <datafield tag="490" ind1=" " ind2=" ">
      <subfield code="a">Capítulo. Biblioteca argentina fundamental|El teatro argentino</subfield>
      <subfield code="v">59|no. 8</subfield>
    </datafield>
    <datafield tag="500" ind1=" " ind2=" ">
      <subfield code="a">Tít. de cubierta: El teatro argentino 8. Francisco Defilippis Novoa</subfield>
    </datafield>
    <datafield tag="505" ind1="0" ind2="0">
      <subfield code="g">p. 61-97</subfield>
      <subfield code="g">- LITERATURA ARGENTINA|-TEATRO ARGENTINO</subfield>
      <subfield code="r">Defilippis Novoa, Francisco</subfield>
      <subfield code="t">He visto a Dios</subfield>
    </datafield>
    <datafield tag="773" ind1="0" ind2="#">
      <subfield code="a">Defilippis Novoa, Francisco</subfield>
      <subfield code="g">- LITERATURA ARGENTINA|-TEATRO ARGENTINO</subfield>
      <subfield code="h">p. 61-97</subfield>
      <subfield code="t">He visto a Dios</subfield>
    </datafield>
    <datafield tag="942" ind1=" " ind2=" ">
      <subfield code="c">BK</subfield>
    </datafield>
    <datafield tag="952" ind1=" " ind2=" ">
      <subfield code="a">BIB_UACO</subfield>
      <subfield code="b">BIB_UACO</subfield>
      <subfield code="d">2008-08-25</subfield>
      <subfield code="y">BK</subfield>
      <subfield code="p">02-01812</subfield>
    </datafield>
  </record>