
  <record>
    <leader>01000aam  22002601a 4500</leader>
    <controlfield tag="001">YPZ89542</controlfield>
    <controlfield tag="003">YPZ</controlfield>
    <controlfield tag="005">200808251437420</controlfield>
    <controlfield tag="008">080825|###########||||||b||||||||||spa|d</controlfield>
    <datafield tag="040" ind1=" " ind2=" ">
      <subfield code="c">SIUNPA</subfield>
    </datafield>
    <datafield tag="041" ind1=" " ind2=" ">
      <subfield code="a">spa</subfield>
    </datafield>
    <datafield tag="044" ind1=" " ind2=" ">
      <subfield code="a">AR</subfield>
    </datafield>
    <datafield tag="082" ind1=" " ind2=" ">
      <subfield code="a">821.134.2(82)-4 E596e</subfield>
    </datafield>
    <datafield tag="100" ind1=" " ind2=" ">
      <subfield code="a">Agosti, Héctor P..</subfield>
    </datafield>
    <datafield tag="700" ind1=" " ind2=" ">
      <subfield code="a">Mastronardi, Carlos.</subfield>
    </datafield>
    <datafield tag="700" ind1=" " ind2=" ">
      <subfield code="a">... [et al.].</subfield>
    </datafield>
    <datafield tag="245" ind1=" " ind2=" ">
      <subfield code="a">El ensayo argentino 1930-1970</subfield>
      <subfield code="b"> : antología</subfield>
    </datafield>
    <datafield tag="260" ind1=" " ind2=" ">
      <subfield code="a">Buenos Aires</subfield>
      <subfield code="b"> : Centro Editor de América Latina</subfield>
      <subfield code="c"> , 1981</subfield>
    </datafield>
    <datafield tag="440" ind1=" " ind2=" ">
      <subfield code="a">Capítulo. Biblioteca argentina fundamental</subfield>
      <subfield code="v">110</subfield>
    </datafield>
    <datafield tag="490" ind1=" " ind2=" ">
      <subfield code="a">Capítulo. Biblioteca argentina fundamental</subfield>
      <subfield code="v">110</subfield>
    </datafield>
    <datafield tag="505" ind1="0" ind2="0">
      <subfield code="g">p. 5-24</subfield>
      <subfield code="g">LITERATURA ARGENTINA|ENSAYO (LITERATURA)</subfield>
      <subfield code="r">Ponce, Aníbal</subfield>
      <subfield code="t">La nueva educación</subfield>
    </datafield>
    <datafield tag="505" ind1="0" ind2="0">
      <subfield code="g">p. 25-47</subfield>
      <subfield code="g">LITERATURA ARGENTINA|ENSAYO (LITERATURA)</subfield>
      <subfield code="r">Agosti, Héctor P.</subfield>
      <subfield code="t">La cultura militante</subfield>
    </datafield>
    <datafield tag="505" ind1="0" ind2="0">
      <subfield code="g">p. 49-56</subfield>
      <subfield code="g">LITERATURA ARGENTINA|ENSAYO (LITERATURA)</subfield>
      <subfield code="r">Murena,  H. A.</subfield>
      <subfield code="t">Horacio Quiroga</subfield>
    </datafield>
    <datafield tag="505" ind1="0" ind2="0">
      <subfield code="g">p. 57-78</subfield>
      <subfield code="g">LITERATURA ARGENTINA|ENSAYO (LITERATURA)</subfield>
      <subfield code="r">Jauretche, Arturo</subfield>
      <subfield code="t">La falsificación como polìtica de la historia</subfield>
    </datafield>
    <datafield tag="505" ind1="0" ind2="0">
      <subfield code="g">p. 79-102</subfield>
      <subfield code="g">LITERATURA ARGENTINA|ENSAYO (LITERATURA)</subfield>
      <subfield code="r">Mastronardi, Carlos</subfield>
      <subfield code="t">Rasgos del carácter argentino</subfield>
    </datafield>
    <datafield tag="505" ind1="0" ind2="0">
      <subfield code="g">p. 103-116</subfield>
      <subfield code="g">LITERATURA ARGENTINA|ENSAYO (LITERATURA)</subfield>
      <subfield code="r">Sebreli, Juan José</subfield>
      <subfield code="t">El juego social</subfield>
    </datafield>
    <datafield tag="505" ind1="0" ind2="0">
      <subfield code="g">p. 117-123</subfield>
      <subfield code="g">LITERATURA ARGENTINA|ENSAYO (LITERATURA)</subfield>
      <subfield code="r">Irazusta, Julio|Irazusta, Rodolfo</subfield>
      <subfield code="t">La Argentina y el imperio británico</subfield>
    </datafield>
    <datafield tag="773" ind1="0" ind2="#">
      <subfield code="a">Ponce, Aníbal</subfield>
      <subfield code="g">LITERATURA ARGENTINA|ENSAYO (LITERATURA)</subfield>
      <subfield code="h">p. 5-24</subfield>
      <subfield code="t">La nueva educación</subfield>
    </datafield>
    <datafield tag="773" ind1="0" ind2="#">
      <subfield code="a">Agosti, Héctor P.</subfield>
      <subfield code="g">LITERATURA ARGENTINA|ENSAYO (LITERATURA)</subfield>
      <subfield code="h">p. 25-47</subfield>
      <subfield code="t">La cultura militante</subfield>
    </datafield>
    <datafield tag="773" ind1="0" ind2="#">
      <subfield code="a">Murena,  H. A.</subfield>
      <subfield code="g">LITERATURA ARGENTINA|ENSAYO (LITERATURA)</subfield>
      <subfield code="h">p. 49-56</subfield>
      <subfield code="t">Horacio Quiroga</subfield>
    </datafield>
    <datafield tag="773" ind1="0" ind2="#">
      <subfield code="a">Jauretche, Arturo</subfield>
      <subfield code="g">LITERATURA ARGENTINA|ENSAYO (LITERATURA)</subfield>
      <subfield code="h">p. 57-78</subfield>
      <subfield code="t">La falsificación como polìtica de la historia</subfield>
    </datafield>
    <datafield tag="773" ind1="0" ind2="#">
      <subfield code="a">Mastronardi, Carlos</subfield>
      <subfield code="g">LITERATURA ARGENTINA|ENSAYO (LITERATURA)</subfield>
      <subfield code="h">p. 79-102</subfield>
      <subfield code="t">Rasgos del carácter argentino</subfield>
    </datafield>
    <datafield tag="773" ind1="0" ind2="#">
      <subfield code="a">Sebreli, Juan José</subfield>
      <subfield code="g">LITERATURA ARGENTINA|ENSAYO (LITERATURA)</subfield>
      <subfield code="h">p. 103-116</subfield>
      <subfield code="t">El juego social</subfield>
    </datafield>
    <datafield tag="773" ind1="0" ind2="#">
      <subfield code="a">Irazusta, Julio|Irazusta, Rodolfo</subfield>
      <subfield code="g">LITERATURA ARGENTINA|ENSAYO (LITERATURA)</subfield>
      <subfield code="h">p. 117-123</subfield>
      <subfield code="t">La Argentina y el imperio británico</subfield>
    </datafield>
    <datafield tag="942" ind1=" " ind2=" ">
      <subfield code="c">BK</subfield>
    </datafield>
    <datafield tag="952" ind1=" " ind2=" ">
      <subfield code="a">BIB_UACO</subfield>
      <subfield code="b">BIB_UACO</subfield>
      <subfield code="d">2008-08-25</subfield>
      <subfield code="y">BK</subfield>
      <subfield code="p">02-01857</subfield>
    </datafield>
  </record>