
  <record>
    <leader>01000aam  22002601a 4500</leader>
    <controlfield tag="001">YPZ89551</controlfield>
    <controlfield tag="003">YPZ</controlfield>
    <controlfield tag="005">200808261100460</controlfield>
    <controlfield tag="008">080826|###########||||||b||||||||||spa|d</controlfield>
    <datafield tag="020" ind1=" " ind2=" ">
      <subfield code="a">9780194312455</subfield>
    </datafield>
    <datafield tag="020" ind1=" " ind2=" ">
      <subfield code="a">9780194315913 (CDROM)</subfield>
    </datafield>
    <datafield tag="040" ind1=" " ind2=" ">
      <subfield code="c">SIUNPA</subfield>
    </datafield>
    <datafield tag="041" ind1=" " ind2=" ">
      <subfield code="a">spa</subfield>
    </datafield>
    <datafield tag="044" ind1=" " ind2=" ">
      <subfield code="a">UK</subfield>
    </datafield>
    <datafield tag="082" ind1=" " ind2=" ">
      <subfield code="a">R(038)=111 D545d</subfield>
    </datafield>
    <datafield tag="245" ind1=" " ind2=" ">
      <subfield code="a">Diccionario Oxford Pocket</subfield>
      <subfield code="b"> : español-inglés, inglés-español</subfield>
      <subfield code="c"> / Willis, Judith, ed. ; Goldsmith, Patrick, ed. ; Pérez Alonso, María Ángeles, ed. ; Ashby, Michael, especialista en fonética</subfield>
    </datafield>
    <datafield tag="250" ind1=" " ind2=" ">
      <subfield code="a">1st ed.</subfield>
    </datafield>
    <datafield tag="260" ind1=" " ind2=" ">
      <subfield code="a">Oxford</subfield>
      <subfield code="b"> : Oxford University Press</subfield>
      <subfield code="c"> , 2008</subfield>
    </datafield>
    <datafield tag="300" ind1=" " ind2=" ">
      <subfield code="a">1396 p. : </subfield>
      <subfield code="a">262 p. : </subfield>
      <subfield code="a">369 p. : </subfield>
      <subfield code="b">il. ; </subfield>
      <subfield code="a">v. : </subfield>
      <subfield code="a">369 p. : </subfield>
      <subfield code="b">il. ; </subfield>
      <subfield code="a">272 p. : </subfield>
      <subfield code="a">156 p. : </subfield>
      <subfield code="a">141 p. : </subfield>
      <subfield code="b">il. ; </subfield>
      <subfield code="a">157 p. : </subfield>
      <subfield code="a">178  p. : </subfield>
      <subfield code="b">il. ; </subfield>
      <subfield code="a">358 p. : </subfield>
      <subfield code="a">321 p. : </subfield>
      <subfield code="b">il. ; </subfield>
      <subfield code="a">xii, 310 p. : </subfield>
      <subfield code="a">2 v. : </subfield>
      <subfield code="b">il. ; </subfield>
      <subfield code="a">118 p. : </subfield>
      <subfield code="b">il. ; </subfield>
      <subfield code="a">viii, 115 p. : </subfield>
      <subfield code="b">il. ; </subfield>
      <subfield code="a">viii, 115 p. : </subfield>
      <subfield code="b">il. ; </subfield>
      <subfield code="a">viii, 115 p. : </subfield>
      <subfield code="b">il. ; </subfield>
      <subfield code="a">210 p. : </subfield>
      <subfield code="a">xxii, 499 p. : </subfield>
      <subfield code="b">il. ; </subfield>
      <subfield code="a">228 p. : </subfield>
      <subfield code="a">166 p. : </subfield>
      <subfield code="a">399 p. : </subfield>
      <subfield code="a">425 p. : </subfield>
      <subfield code="a">220 p. : </subfield>
      <subfield code="a">208 p. : </subfield>
      <subfield code="a">xxiii, 536 p. : </subfield>
      <subfield code="a">vii, 109 p. : </subfield>
      <subfield code="b">il. ; </subfield>
      <subfield code="a">104 p. : </subfield>
      <subfield code="a">310 p. : </subfield>
      <subfield code="a">476 p. : </subfield>
      <subfield code="b">il. ; </subfield>
      <subfield code="a">368  p. : </subfield>
      <subfield code="b">il. ; </subfield>
      <subfield code="a">351 p. : </subfield>
      <subfield code="a">356 p. : </subfield>
      <subfield code="a">619 p. : </subfield>
      <subfield code="a">249 p. : </subfield>
      <subfield code="b">il. ; </subfield>
      <subfield code="a">321 p. : </subfield>
      <subfield code="a">2 v. : </subfield>
      <subfield code="b">il. ; </subfield>
      <subfield code="a">278 p. : </subfield>
      <subfield code="b">cuadros ; </subfield>
      <subfield code="a">125 p. : </subfield>
      <subfield code="a">143 p. : </subfield>
      <subfield code="b">il. ; </subfield>
      <subfield code="a">215 p. : </subfield>
      <subfield code="a">447 p. : </subfield>
      <subfield code="a">237 p. : </subfield>
      <subfield code="b">il. ; </subfield>
      <subfield code="a">387 p. : </subfield>
      <subfield code="a">254 p. : </subfield>
      <subfield code="a">210 p. : </subfield>
      <subfield code="a">323 p. : </subfield>
      <subfield code="b">il. ; </subfield>
      <subfield code="a">141 p. : </subfield>
      <subfield code="a">289 p. : </subfield>
      <subfield code="b">il. ; </subfield>
      <subfield code="a">306 p. : </subfield>
      <subfield code="a">114 p. : </subfield>
      <subfield code="a">158 p. : </subfield>
      <subfield code="b">il. ; </subfield>
      <subfield code="a">250 p. : </subfield>
      <subfield code="b">il. ; </subfield>
      <subfield code="a">241 p. : </subfield>
      <subfield code="a">349 p. : </subfield>
      <subfield code="b">cuadros ; </subfield>
      <subfield code="a">380 p. : </subfield>
      <subfield code="b">cuadros ; </subfield>
      <subfield code="a">174 p. : </subfield>
      <subfield code="b">il. ; </subfield>
      <subfield code="a">263 p. : </subfield>
      <subfield code="a">228 p. : </subfield>
      <subfield code="a">101 p. : </subfield>
      <subfield code="a">112 p. : </subfield>
      <subfield code="b">il. ; </subfield>
      <subfield code="a">237 p. : </subfield>
      <subfield code="a">350 p. : </subfield>
      <subfield code="a">206 p. : </subfield>
      <subfield code="b">il. ; </subfield>
      <subfield code="a">285 p. : </subfield>
      <subfield code="a">609 p. : </subfield>
      <subfield code="a">226 p. : </subfield>
      <subfield code="a">477 p. : </subfield>
      <subfield code="a">63 p. : </subfield>
      <subfield code="b">il. ; </subfield>
      <subfield code="a">156 p. : </subfield>
      <subfield code="a">225 p. : </subfield>
      <subfield code="a">235 p. : </subfield>
      <subfield code="a">373 p. : </subfield>
      <subfield code="b">il. ; </subfield>
      <subfield code="a">153 p. : </subfield>
      <subfield code="a">221 p. : </subfield>
      <subfield code="a">424 p. : </subfield>
      <subfield code="a">306 p. : </subfield>
      <subfield code="a">238 p. : </subfield>
      <subfield code="a">309 p. : </subfield>
      <subfield code="a">138 p. : </subfield>
      <subfield code="b">il. ; </subfield>
      <subfield code="a">2 v. : </subfield>
      <subfield code="b">il. ; </subfield>
      <subfield code="a">241 p. : </subfield>
      <subfield code="b">il. ; </subfield>
      <subfield code="a">155 p. : </subfield>
      <subfield code="a">233 p. : </subfield>
      <subfield code="a">210 p. : </subfield>
      <subfield code="a">554 p. : </subfield>
      <subfield code="b">il. ; </subfield>
      <subfield code="a">115 p. : </subfield>
      <subfield code="a">348 p. : </subfield>
      <subfield code="a">369 p. : </subfield>
      <subfield code="b">il. ; </subfield>
      <subfield code="a">57 p. : </subfield>
      <subfield code="b">il. ; </subfield>
      <subfield code="a">178 p. : </subfield>
      <subfield code="b">il. ; </subfield>
      <subfield code="a">124 p. : </subfield>
      <subfield code="a">127 p. : </subfield>
      <subfield code="a">162 p. : </subfield>
      <subfield code="b">il. ; </subfield>
      <subfield code="a">86 p. : </subfield>
      <subfield code="b">il. ; </subfield>
      <subfield code="a">109 p. : </subfield>
      <subfield code="b">il. ; </subfield>
      <subfield code="a">223 p. : </subfield>
      <subfield code="a">222 p. : </subfield>
      <subfield code="b">il. ; </subfield>
      <subfield code="a">161 p. : </subfield>
      <subfield code="b">il. ; </subfield>
      <subfield code="a">106 p. : </subfield>
      <subfield code="b">il. ; </subfield>
      <subfield code="a">255 p. : </subfield>
      <subfield code="b">il. ; </subfield>
      <subfield code="a">103 p. : </subfield>
      <subfield code="b">il. ; </subfield>
      <subfield code="a">256 p. : </subfield>
      <subfield code="b">il. ; </subfield>
      <subfield code="a">78 p. : </subfield>
      <subfield code="a">153 p. : </subfield>
      <subfield code="a">268 p. : </subfield>
      <subfield code="a">171 p. : </subfield>
      <subfield code="a">195 p. : </subfield>
      <subfield code="a">145 p. : </subfield>
      <subfield code="b">cuadros ; </subfield>
      <subfield code="a">192 p. : </subfield>
      <subfield code="a">248 p. : </subfield>
      <subfield code="b">il. ; </subfield>
      <subfield code="a">270 p. : </subfield>
      <subfield code="a">xiii, 207 p. : </subfield>
      <subfield code="a">310 p. : </subfield>
      <subfield code="b">il. ; </subfield>
      <subfield code="a">150 p. : </subfield>
      <subfield code="b">il. ; </subfield>
      <subfield code="a">159 p. : </subfield>
      <subfield code="b">il. ; </subfield>
      <subfield code="a">123 p. : </subfield>
      <subfield code="a">2 v. : </subfield>
      <subfield code="b">il. ; </subfield>
      <subfield code="a">151 p. : </subfield>
      <subfield code="a">348 p. : </subfield>
      <subfield code="b">il. ; </subfield>
      <subfield code="a">127 p. : </subfield>
      <subfield code="a">160 p. : </subfield>
      <subfield code="a">188 p. : </subfield>
      <subfield code="a">xiv, 120 p. : </subfield>
      <subfield code="a">xi, 115 p. : </subfield>
      <subfield code="a">204 p. : </subfield>
      <subfield code="a">xiv, 152 p. : </subfield>
      <subfield code="a">viii, 127 p. : </subfield>
      <subfield code="a">x, 235 p. : </subfield>
      <subfield code="a">222 p. : </subfield>
      <subfield code="b">il. ; </subfield>
      <subfield code="a">vii, 140 p. : </subfield>
      <subfield code="a">162 p. : </subfield>
      <subfield code="b">il. ; </subfield>
      <subfield code="a">ix, 130 p. : </subfield>
      <subfield code="a">vi, 105 p. : </subfield>
      <subfield code="a">92 p. : </subfield>
      <subfield code="a">278 p. : </subfield>
      <subfield code="a">viii, 111 p. : </subfield>
      <subfield code="a">217 p. : </subfield>
      <subfield code="a">v, 83 p. : </subfield>
      <subfield code="b">il. ; </subfield>
      <subfield code="a">viii, 132 p. : </subfield>
      <subfield code="a">vi, 92 p. : </subfield>
      <subfield code="a">viii, 154 p. : </subfield>
      <subfield code="a">viii, 146 p. : </subfield>
      <subfield code="a">184 p. : </subfield>
      <subfield code="a">2 v. : </subfield>
      <subfield code="a">145 p. : </subfield>
      <subfield code="a">v, 84 p. : </subfield>
      <subfield code="a">2 v. : </subfield>
      <subfield code="a">2 v. : </subfield>
      <subfield code="a">vi, 117 p. : </subfield>
      <subfield code="a">vi, 90 p. : </subfield>
      <subfield code="a">vii, 209 p. : </subfield>
      <subfield code="a">ix, 127 p. : </subfield>
      <subfield code="a">vii, 187 p. : </subfield>
      <subfield code="a">v, 162 p. : </subfield>
      <subfield code="a">ix, 149 p. : </subfield>
      <subfield code="a">viii, 199 p. : </subfield>
      <subfield code="a">x, 116 p. : </subfield>
      <subfield code="a">viii, 108 p. : </subfield>
      <subfield code="a">ix, 178 p. : </subfield>
      <subfield code="a">viii, 126 p. : </subfield>
      <subfield code="a">ix, 144 p. : </subfield>
      <subfield code="a">x, 144 p. : </subfield>
      <subfield code="a">x, 134 p. : </subfield>
      <subfield code="a">3 v. : </subfield>
      <subfield code="a">viii, 158 p. : </subfield>
      <subfield code="a">4 v. : </subfield>
      <subfield code="a">ix, 691 p. : </subfield>
      <subfield code="b">il. ; </subfield>
      <subfield code="e">1 CD-ROM en bolsillo</subfield>
    </datafield>
    <datafield tag="500" ind1=" " ind2=" ">
      <subfield code="a">Otro subtít.: edición rioplatense para estudiantes argentinos y uruguayos de inglés</subfield>
    </datafield>
    <datafield tag="942" ind1=" " ind2=" ">
      <subfield code="c">BK</subfield>
    </datafield>
    <datafield tag="952" ind1=" " ind2=" ">
      <subfield code="a">BIB_UACO</subfield>
      <subfield code="b">BIB_UACO</subfield>
      <subfield code="d">2008-08-25</subfield>
      <subfield code="y">BK</subfield>
      <subfield code="p">02-36327</subfield>
    </datafield>
  </record>