
  <record>
    <leader>01000aam  22002601a 4500</leader>
    <controlfield tag="001">YPZ89582</controlfield>
    <controlfield tag="003">YPZ</controlfield>
    <controlfield tag="005">200808281031030</controlfield>
    <controlfield tag="008">080828|###########||||||b||||||||||spa|d</controlfield>
    <datafield tag="020" ind1=" " ind2=" ">
      <subfield code="a">9506142459</subfield>
    </datafield>
    <datafield tag="040" ind1=" " ind2=" ">
      <subfield code="c">SIUNPA</subfield>
    </datafield>
    <datafield tag="041" ind1=" " ind2=" ">
      <subfield code="a">spa</subfield>
    </datafield>
    <datafield tag="044" ind1=" " ind2=" ">
      <subfield code="a">AR</subfield>
    </datafield>
    <datafield tag="082" ind1=" " ind2=" ">
      <subfield code="a">821.111(73) G226c</subfield>
    </datafield>
    <datafield tag="100" ind1=" " ind2=" ">
      <subfield code="a">Gardner, Erle Stanley.</subfield>
    </datafield>
    <datafield tag="240" ind1=" " ind2=" ">
      <subfield code="a">Novelas. Selecciones</subfield>
    </datafield>
    <datafield tag="245" ind1=" " ind2=" ">
      <subfield code="a">El caso de la bella pordiosera</subfield>
      <subfield code="c"> / Giménez Sales, M., tr.</subfield>
    </datafield>
    <datafield tag="250" ind1=" " ind2=" ">
      <subfield code="a">1a ed.</subfield>
    </datafield>
    <datafield tag="260" ind1=" " ind2=" ">
      <subfield code="a">Buenos Aires</subfield>
      <subfield code="b"> : Hyspamérica</subfield>
      <subfield code="c"> , 1984</subfield>
    </datafield>
    <datafield tag="440" ind1=" " ind2=" ">
      <subfield code="a">Grandes maestros del crimen y misterio|Obras selectas de Erle Stanley Gardner</subfield>
      <subfield code="v">36|4</subfield>
    </datafield>
    <datafield tag="490" ind1=" " ind2=" ">
      <subfield code="a">Grandes maestros del crimen y misterio|Obras selectas de Erle Stanley Gardner</subfield>
      <subfield code="v">36|4</subfield>
    </datafield>
    <datafield tag="500" ind1=" " ind2=" ">
      <subfield code="a">Tít. de partida: Perry Mason</subfield>
    </datafield>
    <datafield tag="505" ind1="0" ind2="0">
      <subfield code="g">p. 137-278</subfield>
      <subfield code="g">- LITERATURA NORTEAMERICANA|-NOVELA</subfield>
      <subfield code="r">Gardner, Erle Stanley</subfield>
      <subfield code="t">El caso de la heredera solitaria</subfield>
    </datafield>
    <datafield tag="505" ind1="0" ind2="0">
      <subfield code="g">p. 281-325</subfield>
      <subfield code="g">- LITERATURA NORTEAMERICANA|-NOVELA</subfield>
      <subfield code="r">Gardner, Erle Stanley</subfield>
      <subfield code="t">El caso de la huella labial</subfield>
    </datafield>
    <datafield tag="773" ind1="0" ind2="#">
      <subfield code="a">Gardner, Erle Stanley</subfield>
      <subfield code="g">- LITERATURA NORTEAMERICANA|-NOVELA</subfield>
      <subfield code="h">p. 137-278</subfield>
      <subfield code="t">El caso de la heredera solitaria</subfield>
    </datafield>
    <datafield tag="773" ind1="0" ind2="#">
      <subfield code="a">Gardner, Erle Stanley</subfield>
      <subfield code="g">- LITERATURA NORTEAMERICANA|-NOVELA</subfield>
      <subfield code="h">p. 281-325</subfield>
      <subfield code="t">El caso de la huella labial</subfield>
    </datafield>
    <datafield tag="942" ind1=" " ind2=" ">
      <subfield code="c">BK</subfield>
    </datafield>
    <datafield tag="952" ind1=" " ind2=" ">
      <subfield code="a">BIB_UACO</subfield>
      <subfield code="b">BIB_UACO</subfield>
      <subfield code="d">2008-08-28</subfield>
      <subfield code="y">BK</subfield>
      <subfield code="p">02-01262</subfield>
    </datafield>
  </record>