
  <record>
    <leader>01000aam  22002601a 4500</leader>
    <controlfield tag="001">YPZ89583</controlfield>
    <controlfield tag="003">YPZ</controlfield>
    <controlfield tag="005">200808281102090</controlfield>
    <controlfield tag="008">080828|###########||||||b||||||||||spa|d</controlfield>
    <datafield tag="020" ind1=" " ind2=" ">
      <subfield code="a">9506143536</subfield>
    </datafield>
    <datafield tag="040" ind1=" " ind2=" ">
      <subfield code="c">SIUNPA</subfield>
    </datafield>
    <datafield tag="041" ind1=" " ind2=" ">
      <subfield code="a">spa</subfield>
    </datafield>
    <datafield tag="044" ind1=" " ind2=" ">
      <subfield code="a">AR</subfield>
    </datafield>
    <datafield tag="082" ind1=" " ind2=" ">
      <subfield code="a">821.133.1(493) S589m</subfield>
    </datafield>
    <datafield tag="100" ind1=" " ind2=" ">
      <subfield code="a">Simenon, Georges.</subfield>
    </datafield>
    <datafield tag="240" ind1=" " ind2=" ">
      <subfield code="a">Obras</subfield>
    </datafield>
    <datafield tag="245" ind1=" " ind2=" ">
      <subfield code="a">Maigret y el tercer hombre</subfield>
      <subfield code="c"> / Suárez, Carlos, tr. ; Suárez, Sylvia, tr</subfield>
    </datafield>
    <datafield tag="250" ind1=" " ind2=" ">
      <subfield code="a">1a ed.</subfield>
    </datafield>
    <datafield tag="260" ind1=" " ind2=" ">
      <subfield code="a">Buenos Aires</subfield>
      <subfield code="b"> : Hyspamérica</subfield>
      <subfield code="c"> , 1985</subfield>
    </datafield>
    <datafield tag="440" ind1=" " ind2=" ">
      <subfield code="a">Grandes maestros del suspenso|Obras completas de George Simenon</subfield>
      <subfield code="v">57|14</subfield>
    </datafield>
    <datafield tag="490" ind1=" " ind2=" ">
      <subfield code="a">Grandes maestros del suspenso|Obras completas de George Simenon</subfield>
      <subfield code="v">57|14</subfield>
    </datafield>
    <datafield tag="505" ind1="0" ind2="0">
      <subfield code="g">p. 115-205</subfield>
      <subfield code="g">- LITERATURA BELGA|- NOVELA</subfield>
      <subfield code="r">Simenon, Georges</subfield>
      <subfield code="t">La furia de Maigret</subfield>
    </datafield>
    <datafield tag="505" ind1="0" ind2="0">
      <subfield code="g">p. 207-313</subfield>
      <subfield code="g">- LITERATURA BELGA|- NOVELA</subfield>
      <subfield code="r">Simenon, Georges</subfield>
      <subfield code="t">Maigret y los aristócratas</subfield>
    </datafield>
    <datafield tag="773" ind1="0" ind2="#">
      <subfield code="a">Simenon, Georges</subfield>
      <subfield code="g">- LITERATURA BELGA|- NOVELA</subfield>
      <subfield code="h">p. 115-205</subfield>
      <subfield code="t">La furia de Maigret</subfield>
    </datafield>
    <datafield tag="773" ind1="0" ind2="#">
      <subfield code="a">Simenon, Georges</subfield>
      <subfield code="g">- LITERATURA BELGA|- NOVELA</subfield>
      <subfield code="h">p. 207-313</subfield>
      <subfield code="t">Maigret y los aristócratas</subfield>
    </datafield>
    <datafield tag="942" ind1=" " ind2=" ">
      <subfield code="c">BK</subfield>
    </datafield>
    <datafield tag="952" ind1=" " ind2=" ">
      <subfield code="a">BIB_UACO</subfield>
      <subfield code="b">BIB_UACO</subfield>
      <subfield code="d">2008-08-28</subfield>
      <subfield code="y">BK</subfield>
      <subfield code="p">02-01263</subfield>
    </datafield>
  </record>