
  <record>
    <leader>01000aam  22002601a 4500</leader>
    <controlfield tag="001">YPZ89584</controlfield>
    <controlfield tag="003">YPZ</controlfield>
    <controlfield tag="005">200808281118250</controlfield>
    <controlfield tag="008">080828|###########||||||b||||||||||spa|d</controlfield>
    <datafield tag="020" ind1=" " ind2=" ">
      <subfield code="a">8475304338 (o.c. de Georges Simenon)</subfield>
    </datafield>
    <datafield tag="020" ind1=" " ind2=" ">
      <subfield code="a">8475309984 (v.78)</subfield>
    </datafield>
    <datafield tag="020" ind1=" " ind2=" ">
      <subfield code="a">8475303757 (o.c. Grandes maestros del crimen y misterio)</subfield>
    </datafield>
    <datafield tag="040" ind1=" " ind2=" ">
      <subfield code="c">SIUNPA</subfield>
    </datafield>
    <datafield tag="041" ind1=" " ind2=" ">
      <subfield code="a">spa</subfield>
    </datafield>
    <datafield tag="044" ind1=" " ind2=" ">
      <subfield code="a">ES</subfield>
    </datafield>
    <datafield tag="082" ind1=" " ind2=" ">
      <subfield code="a">821.133.1(493)</subfield>
    </datafield>
    <datafield tag="100" ind1=" " ind2=" ">
      <subfield code="a">Simenon, Georges.</subfield>
    </datafield>
    <datafield tag="240" ind1=" " ind2=" ">
      <subfield code="a">Obras</subfield>
    </datafield>
    <datafield tag="245" ind1=" " ind2=" ">
      <subfield code="a">Maigret y el caso Nahour</subfield>
      <subfield code="c"> / Suescun, María Pilar, tr. ; Rovira, Agustina, tr. ; Asensio, Ángel, tr.</subfield>
    </datafield>
    <datafield tag="260" ind1=" " ind2=" ">
      <subfield code="a">Madrid</subfield>
      <subfield code="b"> : Hyspamérica</subfield>
      <subfield code="c"> , 1985</subfield>
    </datafield>
    <datafield tag="440" ind1=" " ind2=" ">
      <subfield code="a">Grandes maestros del crimen y misterio|Obras completas de George Simenon</subfield>
      <subfield code="v">78|21</subfield>
    </datafield>
    <datafield tag="490" ind1=" " ind2=" ">
      <subfield code="a">Grandes maestros del crimen y misterio|Obras completas de George Simenon</subfield>
      <subfield code="v">78|21</subfield>
    </datafield>
    <datafield tag="505" ind1="0" ind2="0">
      <subfield code="g">P. 109-190</subfield>
      <subfield code="g">- LITERATURA BELGA|NOVELA</subfield>
      <subfield code="r">Simenon, Georges</subfield>
      <subfield code="t">Firmado: Picpus</subfield>
    </datafield>
    <datafield tag="505" ind1="0" ind2="0">
      <subfield code="g">p. 195-280</subfield>
      <subfield code="g">- LITERATURA BELGA|NOVELA</subfield>
      <subfield code="r">Simenon, Georges</subfield>
      <subfield code="t">La sombra chinesca</subfield>
    </datafield>
    <datafield tag="773" ind1="0" ind2="#">
      <subfield code="a">Simenon, Georges</subfield>
      <subfield code="g">- LITERATURA BELGA|NOVELA</subfield>
      <subfield code="h">P. 109-190</subfield>
      <subfield code="t">Firmado: Picpus</subfield>
    </datafield>
    <datafield tag="773" ind1="0" ind2="#">
      <subfield code="a">Simenon, Georges</subfield>
      <subfield code="g">- LITERATURA BELGA|NOVELA</subfield>
      <subfield code="h">p. 195-280</subfield>
      <subfield code="t">La sombra chinesca</subfield>
    </datafield>
    <datafield tag="942" ind1=" " ind2=" ">
      <subfield code="c">BK</subfield>
    </datafield>
    <datafield tag="952" ind1=" " ind2=" ">
      <subfield code="a">BIB_UACO</subfield>
      <subfield code="b">BIB_UACO</subfield>
      <subfield code="d">2008-08-28</subfield>
      <subfield code="y">BK</subfield>
      <subfield code="p">02-01264</subfield>
    </datafield>
  </record>