
  <record>
    <leader>01000aam  22002601a 4500</leader>
    <controlfield tag="001">YPZ89669</controlfield>
    <controlfield tag="003">YPZ</controlfield>
    <controlfield tag="005">200809031326460</controlfield>
    <controlfield tag="008">080903|###########||||||b||||||||||spa|d</controlfield>
    <datafield tag="040" ind1=" " ind2=" ">
      <subfield code="c">SIUNPA</subfield>
    </datafield>
    <datafield tag="041" ind1=" " ind2=" ">
      <subfield code="a">spa</subfield>
    </datafield>
    <datafield tag="044" ind1=" " ind2=" ">
      <subfield code="a">AR</subfield>
    </datafield>
    <datafield tag="082" ind1=" " ind2=" ">
      <subfield code="a">821.134.2(82) G643e</subfield>
    </datafield>
    <datafield tag="100" ind1=" " ind2=" ">
      <subfield code="a">González, Joaquín V..</subfield>
    </datafield>
    <datafield tag="700" ind1=" " ind2=" ">
      <subfield code="a">Ponce, Anibal.</subfield>
    </datafield>
    <datafield tag="245" ind1=" " ind2=" ">
      <subfield code="a">El ensayo de interpretación 1910-1930</subfield>
      <subfield code="b"> : antología</subfield>
      <subfield code="c"> / Rivera, Jorge, selección, pról. y notas</subfield>
    </datafield>
    <datafield tag="260" ind1=" " ind2=" ">
      <subfield code="a">Buenos Aires</subfield>
      <subfield code="b"> : Centro Editor de América Latina</subfield>
      <subfield code="c"> , 1980</subfield>
    </datafield>
    <datafield tag="440" ind1=" " ind2=" ">
      <subfield code="a">Capítulo. Biblioteca argentina fundamental</subfield>
      <subfield code="v">74</subfield>
    </datafield>
    <datafield tag="490" ind1=" " ind2=" ">
      <subfield code="a">Capítulo. Biblioteca argentina fundamental</subfield>
      <subfield code="v">74</subfield>
    </datafield>
    <datafield tag="505" ind1="0" ind2="0">
      <subfield code="g">p. 47-105</subfield>
      <subfield code="g">-LITERATURA ARGENTINA|-ENSAYO(LITERATURA</subfield>
      <subfield code="r">Ponce, Aníbal</subfield>
      <subfield code="t">La vejez de Sarmiento:(selección)</subfield>
    </datafield>
    <datafield tag="505" ind1="0" ind2="0">
      <subfield code="g">p. 7-45</subfield>
      <subfield code="g">-LITERATURA ARGENTINA|-CRITICA LITERARIA</subfield>
      <subfield code="r">González, Joaquín V.</subfield>
      <subfield code="t">La tradición nacional:(selección)</subfield>
    </datafield>
    <datafield tag="773" ind1="0" ind2="#">
      <subfield code="a">Ponce, Aníbal</subfield>
      <subfield code="g">-LITERATURA ARGENTINA|-ENSAYO(LITERATURA</subfield>
      <subfield code="h">p. 47-105</subfield>
      <subfield code="t">La vejez de Sarmiento:(selección)</subfield>
    </datafield>
    <datafield tag="773" ind1="0" ind2="#">
      <subfield code="a">González, Joaquín V.</subfield>
      <subfield code="g">-LITERATURA ARGENTINA|-CRITICA LITERARIA</subfield>
      <subfield code="h">p. 7-45</subfield>
      <subfield code="t">La tradición nacional:(selección)</subfield>
    </datafield>
    <datafield tag="942" ind1=" " ind2=" ">
      <subfield code="c">BK</subfield>
    </datafield>
    <datafield tag="952" ind1=" " ind2=" ">
      <subfield code="a">BIB_UACO</subfield>
      <subfield code="b">BIB_UACO</subfield>
      <subfield code="d">2008-09-03</subfield>
      <subfield code="y">BK</subfield>
      <subfield code="p">02-01825</subfield>
    </datafield>
  </record>