
  <record>
    <leader>01000aam  22002601a 4500</leader>
    <controlfield tag="001">YPZ89692</controlfield>
    <controlfield tag="003">YPZ</controlfield>
    <controlfield tag="005">200809051246450</controlfield>
    <controlfield tag="008">080905|###########||||||b||||||||||spa|d</controlfield>
    <datafield tag="020" ind1=" " ind2=" ">
      <subfield code="a">9687270276</subfield>
    </datafield>
    <datafield tag="040" ind1=" " ind2=" ">
      <subfield code="c">SIUNPA</subfield>
    </datafield>
    <datafield tag="041" ind1=" " ind2=" ">
      <subfield code="a">spa</subfield>
    </datafield>
    <datafield tag="044" ind1=" " ind2=" ">
      <subfield code="a">MX</subfield>
    </datafield>
    <datafield tag="082" ind1=" " ind2=" ">
      <subfield code="a">517 S979i</subfield>
    </datafield>
    <datafield tag="100" ind1=" " ind2=" ">
      <subfield code="a">Swokowski, Earl William.</subfield>
    </datafield>
    <datafield tag="245" ind1=" " ind2=" ">
      <subfield code="a">Introducción al cálculo con geometría analítica</subfield>
      <subfield code="c"> / Abreu, José Luis, tr. ; Fetter, Helga, tr. ; Sacedorte, Juan, rev. técnica ; Urquidi de Sen, Beatriz, rev. técnica ; Cortázar, Carmen, rev. técnica ; Silvestri, Aníbal, rev. técnica ; Estévez, Gentil, rev. técnica ; Francis, Eugene, rev. técnica</subfield>
    </datafield>
    <datafield tag="260" ind1=" " ind2=" ">
      <subfield code="a">México, D.F.</subfield>
      <subfield code="b"> : Iberoamérica</subfield>
      <subfield code="c"> , 1987</subfield>
    </datafield>
    <datafield tag="942" ind1=" " ind2=" ">
      <subfield code="c">BK</subfield>
    </datafield>
    <datafield tag="952" ind1=" " ind2=" ">
      <subfield code="a">BIB_UACO</subfield>
      <subfield code="b">BIB_UACO</subfield>
      <subfield code="d">2008-09-05</subfield>
      <subfield code="y">BK</subfield>
      <subfield code="p">02-03486</subfield>
    </datafield>
  </record>