
  <record>
    <leader>01000aam  22002601a 4500</leader>
    <controlfield tag="001">YPZ89698</controlfield>
    <controlfield tag="003">YPZ</controlfield>
    <controlfield tag="005">200809101203410</controlfield>
    <controlfield tag="008">080910|###########||||||b||||||||||spa|d</controlfield>
    <datafield tag="040" ind1=" " ind2=" ">
      <subfield code="c">SIUNPA</subfield>
    </datafield>
    <datafield tag="041" ind1=" " ind2=" ">
      <subfield code="a">spa</subfield>
    </datafield>
    <datafield tag="044" ind1=" " ind2=" ">
      <subfield code="a">AR</subfield>
    </datafield>
    <datafield tag="082" ind1=" " ind2=" ">
      <subfield code="a">821.134.2(82) V622d</subfield>
    </datafield>
    <datafield tag="100" ind1=" " ind2=" ">
      <subfield code="a">Viñas, David.</subfield>
    </datafield>
    <datafield tag="245" ind1=" " ind2=" ">
      <subfield code="a">Un dios cotidiano</subfield>
      <subfield code="c"> / Rubione, Alfredo V.E., pról.</subfield>
    </datafield>
    <datafield tag="260" ind1=" " ind2=" ">
      <subfield code="a">Buenos Aires</subfield>
      <subfield code="b"> : Centro Editor de América Latina</subfield>
      <subfield code="c"> , 1981</subfield>
    </datafield>
    <datafield tag="440" ind1=" " ind2=" ">
      <subfield code="a">Biblioteca nueva Pedagogía</subfield>
      <subfield code="a">Schaum</subfield>
      <subfield code="a">Colección Ciencias Sociales / Espacio</subfield>
      <subfield code="a">Biblioteca de la nueva educación</subfield>
      <subfield code="a">Schaum</subfield>
      <subfield code="a">Serie de compendios Schaum</subfield>
      <subfield code="a">Capítulo. Biblioteca argentina fundamental</subfield>
      <subfield code="v">53</subfield>
    </datafield>
    <datafield tag="490" ind1=" " ind2=" ">
      <subfield code="a">Biblioteca nueva Pedagogía</subfield>
      <subfield code="a">Schaum</subfield>
      <subfield code="a">Colección Ciencias Sociales / Espacio</subfield>
      <subfield code="a">Biblioteca de la nueva educación</subfield>
      <subfield code="a">Schaum</subfield>
      <subfield code="a">Serie de compendios Schaum</subfield>
      <subfield code="a">Capítulo. Biblioteca argentina fundamental</subfield>
      <subfield code="v">53</subfield>
    </datafield>
    <datafield tag="942" ind1=" " ind2=" ">
      <subfield code="c">BK</subfield>
    </datafield>
    <datafield tag="952" ind1=" " ind2=" ">
      <subfield code="a">BIB_UACO</subfield>
      <subfield code="b">BIB_UACO</subfield>
      <subfield code="d">2008-09-10</subfield>
      <subfield code="y">BK</subfield>
      <subfield code="p">02-01861</subfield>
    </datafield>
  </record>