
  <record>
    <leader>01000aam  22002601a 4500</leader>
    <controlfield tag="001">YPZ89699</controlfield>
    <controlfield tag="003">YPZ</controlfield>
    <controlfield tag="005">200809101220400</controlfield>
    <controlfield tag="008">080910|###########||||||b||||||||||spa|d</controlfield>
    <datafield tag="020" ind1=" " ind2=" ">
      <subfield code="a">9502506030</subfield>
    </datafield>
    <datafield tag="040" ind1=" " ind2=" ">
      <subfield code="c">SIUNPA</subfield>
    </datafield>
    <datafield tag="041" ind1=" " ind2=" ">
      <subfield code="a">spa</subfield>
    </datafield>
    <datafield tag="044" ind1=" " ind2=" ">
      <subfield code="a">AR</subfield>
    </datafield>
    <datafield tag="082" ind1=" " ind2=" ">
      <subfield code="a">821.134.2(82) D544s</subfield>
    </datafield>
    <datafield tag="100" ind1=" " ind2=" ">
      <subfield code="a">Di Benedetto, Antonio.</subfield>
    </datafield>
    <datafield tag="245" ind1=" " ind2=" ">
      <subfield code="a">Los suicidas</subfield>
      <subfield code="c"> / Zubieta, Ana María, pról.</subfield>
    </datafield>
    <datafield tag="260" ind1=" " ind2=" ">
      <subfield code="a">Buenos Aires</subfield>
      <subfield code="b"> : Centro Editor de América Latina</subfield>
      <subfield code="c"> , 1982</subfield>
    </datafield>
    <datafield tag="440" ind1=" " ind2=" ">
      <subfield code="a">Capítulo. Biblioteca argentina fundamental</subfield>
      <subfield code="v">131</subfield>
    </datafield>
    <datafield tag="490" ind1=" " ind2=" ">
      <subfield code="a">Capítulo. Biblioteca argentina fundamental</subfield>
      <subfield code="v">131</subfield>
    </datafield>
    <datafield tag="942" ind1=" " ind2=" ">
      <subfield code="c">BK</subfield>
    </datafield>
    <datafield tag="952" ind1=" " ind2=" ">
      <subfield code="a">BIB_UACO</subfield>
      <subfield code="b">BIB_UACO</subfield>
      <subfield code="d">2008-09-10</subfield>
      <subfield code="y">BK</subfield>
      <subfield code="p">02-01873</subfield>
    </datafield>
    <datafield tag="952" ind1=" " ind2=" ">
      <subfield code="a">BIB_UARG</subfield>
      <subfield code="b">BIB_UARG</subfield>
      <subfield code="d">2008-09-10</subfield>
      <subfield code="y">BK</subfield>
      <subfield code="p">05-16591</subfield>
    </datafield>
  </record>