
  <record>
    <leader>01000aam  22002601a 4500</leader>
    <controlfield tag="001">YPZ89719</controlfield>
    <controlfield tag="003">YPZ</controlfield>
    <controlfield tag="005">200809121050420</controlfield>
    <controlfield tag="008">080912|###########||||||b||||||||||spa|d</controlfield>
    <datafield tag="040" ind1=" " ind2=" ">
      <subfield code="c">SIUNPA</subfield>
    </datafield>
    <datafield tag="041" ind1=" " ind2=" ">
      <subfield code="a">spa</subfield>
    </datafield>
    <datafield tag="044" ind1=" " ind2=" ">
      <subfield code="a">AR</subfield>
    </datafield>
    <datafield tag="082" ind1=" " ind2=" ">
      <subfield code="a">821.134.2(82) H557m</subfield>
    </datafield>
    <datafield tag="100" ind1=" " ind2=" ">
      <subfield code="a">Hernández, José.</subfield>
    </datafield>
    <datafield tag="240" ind1=" " ind2=" ">
      <subfield code="a">[Martín Fierro]</subfield>
    </datafield>
    <datafield tag="245" ind1=" " ind2=" ">
      <subfield code="a">El gaucho Martín Fierro</subfield>
      <subfield code="c"> / Gramuglio, María Teresa, pról. ; Sarlo, Beatriz, notas</subfield>
    </datafield>
    <datafield tag="260" ind1=" " ind2=" ">
      <subfield code="a">Buenos Aires</subfield>
      <subfield code="b"> : Centro Editor de América Latina</subfield>
      <subfield code="c"> , 1979</subfield>
    </datafield>
    <datafield tag="440" ind1=" " ind2=" ">
      <subfield code="a">Colección temas tributarios</subfield>
      <subfield code="a">Lógica y teoría de la ciencia</subfield>
      <subfield code="a">Capítulo. Biblioteca argentina fundamental</subfield>
      <subfield code="v">23</subfield>
    </datafield>
    <datafield tag="490" ind1=" " ind2=" ">
      <subfield code="a">Colección temas tributarios</subfield>
      <subfield code="a">Lógica y teoría de la ciencia</subfield>
      <subfield code="a">Capítulo. Biblioteca argentina fundamental</subfield>
      <subfield code="v">23</subfield>
    </datafield>
    <datafield tag="500" ind1=" " ind2=" ">
      <subfield code="a">Con: La vuelta de Martín Fierro (p. 75-123)</subfield>
    </datafield>
    <datafield tag="505" ind1="0" ind2="0">
      <subfield code="g">p. 75-123</subfield>
      <subfield code="g">- LITERATURA ARGENTINA|- POESIA</subfield>
      <subfield code="r">Hernández, José</subfield>
      <subfield code="t">La vuelta de Martín Fierro</subfield>
    </datafield>
    <datafield tag="773" ind1="0" ind2="#">
      <subfield code="a">Hernández, José</subfield>
      <subfield code="g">- LITERATURA ARGENTINA|- POESIA</subfield>
      <subfield code="h">p. 75-123</subfield>
      <subfield code="t">La vuelta de Martín Fierro</subfield>
    </datafield>
    <datafield tag="942" ind1=" " ind2=" ">
      <subfield code="c">BK</subfield>
    </datafield>
    <datafield tag="952" ind1=" " ind2=" ">
      <subfield code="a">BIB_UACO</subfield>
      <subfield code="b">BIB_UACO</subfield>
      <subfield code="d">2008-09-12</subfield>
      <subfield code="y">BK</subfield>
      <subfield code="p">02-01772</subfield>
    </datafield>
  </record>