
  <record>
    <leader>01000aam  22002601a 4500</leader>
    <controlfield tag="001">YPZ89750</controlfield>
    <controlfield tag="003">YPZ</controlfield>
    <controlfield tag="005">200809161323400</controlfield>
    <controlfield tag="008">080916|###########||||||b||||||||||spa|d</controlfield>
    <datafield tag="040" ind1=" " ind2=" ">
      <subfield code="c">SIUNPA</subfield>
    </datafield>
    <datafield tag="041" ind1=" " ind2=" ">
      <subfield code="a">spa</subfield>
    </datafield>
    <datafield tag="044" ind1=" " ind2=" ">
      <subfield code="a">AR</subfield>
    </datafield>
    <datafield tag="082" ind1=" " ind2=" ">
      <subfield code="a">821.134.2 A321s</subfield>
    </datafield>
    <datafield tag="100" ind1=" " ind2=" ">
      <subfield code="a">Alarcón, Pedro Antonio de.</subfield>
    </datafield>
    <datafield tag="245" ind1=" " ind2=" ">
      <subfield code="a">El sombrero de tres picos</subfield>
      <subfield code="c"> / Noriega, Néstor Alfredo, estudio introductorio, comentarios estilísticos y notas explicativas</subfield>
    </datafield>
    <datafield tag="260" ind1=" " ind2=" ">
      <subfield code="a">Rosario</subfield>
      <subfield code="b"> : Apis</subfield>
      <subfield code="c"> , 1971</subfield>
    </datafield>
    <datafield tag="440" ind1=" " ind2=" ">
      <subfield code="a">Colección España|Biblioteca maestros del idioma</subfield>
      <subfield code="v">v. 5|v. 16</subfield>
    </datafield>
    <datafield tag="490" ind1=" " ind2=" ">
      <subfield code="a">Colección España|Biblioteca maestros del idioma</subfield>
      <subfield code="v">v. 5|v. 16</subfield>
    </datafield>
    <datafield tag="942" ind1=" " ind2=" ">
      <subfield code="c">BK</subfield>
    </datafield>
    <datafield tag="952" ind1=" " ind2=" ">
      <subfield code="a">BIB_UACO</subfield>
      <subfield code="b">BIB_UACO</subfield>
      <subfield code="d">2008-09-16</subfield>
      <subfield code="y">BK</subfield>
      <subfield code="p">02-01497</subfield>
    </datafield>
  </record>