
  <record>
    <leader>01000aam  22002601a 4500</leader>
    <controlfield tag="001">YPZ89755</controlfield>
    <controlfield tag="003">YPZ</controlfield>
    <controlfield tag="005">200809161615380</controlfield>
    <controlfield tag="008">080916|###########||||||b||||||||||spa|d</controlfield>
    <datafield tag="020" ind1=" " ind2=" ">
      <subfield code="a">9508110252</subfield>
    </datafield>
    <datafield tag="040" ind1=" " ind2=" ">
      <subfield code="c">SIUNPA</subfield>
    </datafield>
    <datafield tag="041" ind1=" " ind2=" ">
      <subfield code="a">spa</subfield>
    </datafield>
    <datafield tag="044" ind1=" " ind2=" ">
      <subfield code="a">AR</subfield>
    </datafield>
    <datafield tag="082" ind1=" " ind2=" ">
      <subfield code="a">336.221 R719n</subfield>
    </datafield>
    <datafield tag="100" ind1=" " ind2=" ">
      <subfield code="a">Rofrano, Omar Angel.</subfield>
    </datafield>
    <datafield tag="700" ind1=" " ind2=" ">
      <subfield code="a">Gomez, Oscar Daniel.</subfield>
    </datafield>
    <datafield tag="700" ind1=" " ind2=" ">
      <subfield code="a">Díez, Fernando, colab..</subfield>
    </datafield>
    <datafield tag="700" ind1=" " ind2=" ">
      <subfield code="a">Fuentes, Javier, colab..</subfield>
    </datafield>
    <datafield tag="245" ind1=" " ind2=" ">
      <subfield code="a">Nociones de derecho procesal civil y administrativo</subfield>
      <subfield code="b"> : análisis teórico-práctico de la ley 11.683 con las modificaciones posteriores de la Leyes 21.911, 22.091, 22.294, 22.826, 23.013, 23.314, 23.495, 23.549, 23.658, 23.697, 23.760, 23.771, 23.871, 23.905, 24.073, 24.138, 24.447 y Decretos 752/92, 507/93 y 1684/93 y 316/95 y resoluciones generales de la D.G.I</subfield>
      <subfield code="c"> / Celdeiro, Ernesto Carlos, dir. general</subfield>
    </datafield>
    <datafield tag="250" ind1=" " ind2=" ">
      <subfield code="a">1a ed.</subfield>
    </datafield>
    <datafield tag="260" ind1=" " ind2=" ">
      <subfield code="a">Buenos Aires</subfield>
      <subfield code="b"> : Nueva Técnica</subfield>
      <subfield code="c"> , 1995</subfield>
    </datafield>
    <datafield tag="440" ind1=" " ind2=" ">
      <subfield code="a">Serie administrativo/contable</subfield>
      <subfield code="a">Colección cuadernos de procesamiento tributario</subfield>
      <subfield code="v">1</subfield>
    </datafield>
    <datafield tag="490" ind1=" " ind2=" ">
      <subfield code="a">Serie administrativo/contable</subfield>
      <subfield code="a">Colección cuadernos de procesamiento tributario</subfield>
      <subfield code="v">1</subfield>
    </datafield>
    <datafield tag="942" ind1=" " ind2=" ">
      <subfield code="c">BK</subfield>
    </datafield>
    <datafield tag="952" ind1=" " ind2=" ">
      <subfield code="a">BIB_UACO</subfield>
      <subfield code="b">BIB_UACO</subfield>
      <subfield code="d">2008-09-16</subfield>
      <subfield code="y">BK</subfield>
      <subfield code="p">02-02052</subfield>
    </datafield>
  </record>