
  <record>
    <leader>01000aam  22002601a 4500</leader>
    <controlfield tag="001">YPZ89756</controlfield>
    <controlfield tag="003">YPZ</controlfield>
    <controlfield tag="005">200809161624340</controlfield>
    <controlfield tag="008">080916|###########||||||b||||||||||spa|d</controlfield>
    <datafield tag="020" ind1=" " ind2=" ">
      <subfield code="a">8448119150</subfield>
    </datafield>
    <datafield tag="040" ind1=" " ind2=" ">
      <subfield code="c">SIUNPA</subfield>
    </datafield>
    <datafield tag="041" ind1=" " ind2=" ">
      <subfield code="a">spa</subfield>
    </datafield>
    <datafield tag="044" ind1=" " ind2=" ">
      <subfield code="a">ES</subfield>
    </datafield>
    <datafield tag="082" ind1=" " ind2=" ">
      <subfield code="a">004.65 C357m</subfield>
    </datafield>
    <datafield tag="245" ind1=" " ind2=" ">
      <subfield code="a">Microsoft FoxPro para Windows paso a paso</subfield>
      <subfield code="b"> : versión 2.5</subfield>
      <subfield code="c"> / Sistemas de Imagen y Palabra, tr.</subfield>
    </datafield>
    <datafield tag="250" ind1=" " ind2=" ">
      <subfield code="a">1a ed. en español</subfield>
    </datafield>
    <datafield tag="260" ind1=" " ind2=" ">
      <subfield code="a">Madrid</subfield>
      <subfield code="b"> : McGraw-Hill</subfield>
      <subfield code="c"> , 1994</subfield>
    </datafield>
    <datafield tag="300" ind1=" " ind2=" ">
      <subfield code="a">xvi, [816] p. en varias paginaciones : </subfield>
      <subfield code="a">xii, [143] p. en varias paginaciones : </subfield>
      <subfield code="b">il. ; </subfield>
      <subfield code="a">258 p. : </subfield>
      <subfield code="a">527 p. : </subfield>
      <subfield code="a">viii, 183 p. : </subfield>
      <subfield code="b">il. ; </subfield>
      <subfield code="a">xxiii, 535 p. : </subfield>
      <subfield code="a">153 p. : </subfield>
      <subfield code="a">xvi, 324 p. : </subfield>
      <subfield code="a">316 p. : </subfield>
      <subfield code="a">2 v. : </subfield>
      <subfield code="a">204 p. : </subfield>
      <subfield code="a">2 v. : </subfield>
      <subfield code="a">v. : </subfield>
      <subfield code="a">367 p. : </subfield>
      <subfield code="a">204 p. : </subfield>
      <subfield code="a">2 v. : </subfield>
      <subfield code="a">2 v. : </subfield>
      <subfield code="a">196 p. : </subfield>
      <subfield code="a">v. : </subfield>
      <subfield code="a">185 p. : </subfield>
      <subfield code="a">v. : </subfield>
      <subfield code="a">155 p. : </subfield>
      <subfield code="a">v. : </subfield>
      <subfield code="a">349 p. : </subfield>
      <subfield code="a">158 p. : </subfield>
      <subfield code="a">228 p. : </subfield>
      <subfield code="a">285 p. : </subfield>
      <subfield code="a">321 p. : </subfield>
      <subfield code="a">v. : </subfield>
      <subfield code="a">406 p. : </subfield>
      <subfield code="a">313 p. : </subfield>
      <subfield code="a">280 p. : </subfield>
      <subfield code="a">61 p. : </subfield>
      <subfield code="a">127 p. : </subfield>
      <subfield code="b">il. ; </subfield>
      <subfield code="a">234 p. : </subfield>
      <subfield code="a">94 p. : </subfield>
      <subfield code="b">cuadros ; </subfield>
      <subfield code="a">311 p. : </subfield>
      <subfield code="a">239 p. : </subfield>
      <subfield code="b">il. ; </subfield>
      <subfield code="a">240 p. : </subfield>
      <subfield code="b">il. ; </subfield>
      <subfield code="a">xii, 225 p. : </subfield>
      <subfield code="b">il. ; </subfield>
      <subfield code="a">143 p. : </subfield>
      <subfield code="b">il. ; </subfield>
      <subfield code="a">349 p. : </subfield>
      <subfield code="b">cuadros ; </subfield>
      <subfield code="a">149 p. : </subfield>
      <subfield code="a">182 p. : </subfield>
      <subfield code="b">il. ; </subfield>
      <subfield code="a">355 p. : </subfield>
      <subfield code="b">il. ; </subfield>
      <subfield code="a">156 p. : </subfield>
      <subfield code="a">viii, 279 p. : </subfield>
      <subfield code="a">xi, 227 p. : </subfield>
      <subfield code="a">v, 95 p. : </subfield>
      <subfield code="a">271 p. : </subfield>
      <subfield code="b">il. ; </subfield>
      <subfield code="a">259 p. : </subfield>
      <subfield code="b">il. ; </subfield>
      <subfield code="a">x, 159 p. : </subfield>
      <subfield code="a">3 v. : </subfield>
      <subfield code="a">309 p. : </subfield>
      <subfield code="a">2 v. : </subfield>
      <subfield code="a">117 p. : </subfield>
      <subfield code="b">il. ; </subfield>
      <subfield code="a">vi, 275 p. : </subfield>
      <subfield code="a">vi, 131 p. : </subfield>
      <subfield code="a">v, 216 p. : </subfield>
      <subfield code="a">viii, 287 p. : </subfield>
      <subfield code="a">364 p. : </subfield>
      <subfield code="a">246 p. : </subfield>
      <subfield code="b">il. ; </subfield>
      <subfield code="a">147 p. : </subfield>
      <subfield code="a">viii, 163 p. : </subfield>
      <subfield code="a">272 p. : </subfield>
      <subfield code="a">161 p. : </subfield>
      <subfield code="a">viii, 2 v. : </subfield>
      <subfield code="a">vii, 71 p. : </subfield>
      <subfield code="a">v, 76 p. : </subfield>
      <subfield code="a">320 p. : </subfield>
      <subfield code="a">xiii, 193 p. : </subfield>
      <subfield code="a">63 p. : </subfield>
      <subfield code="b">il. ; </subfield>
      <subfield code="a">260 p. : </subfield>
      <subfield code="a">77 p. : </subfield>
      <subfield code="a">93 p. : </subfield>
      <subfield code="a">386 p. : </subfield>
      <subfield code="b">il. ; </subfield>
      <subfield code="a">346 p. : </subfield>
      <subfield code="a">147 p. : </subfield>
      <subfield code="b">cuadros ; </subfield>
      <subfield code="a">205 p. : </subfield>
      <subfield code="b">il. ; </subfield>
      <subfield code="a">109 p. : </subfield>
      <subfield code="b">il. ; </subfield>
      <subfield code="a">146 p. : </subfield>
      <subfield code="b">il. ; </subfield>
      <subfield code="a">86 p. : </subfield>
      <subfield code="a">185 p. : </subfield>
      <subfield code="b">il. ; </subfield>
      <subfield code="a">155 p. : </subfield>
      <subfield code="a">73 p. : </subfield>
      <subfield code="b">il. ; </subfield>
      <subfield code="a">123 p. : </subfield>
      <subfield code="b">il. ; </subfield>
      <subfield code="a">111 p. : </subfield>
      <subfield code="b">il. ; </subfield>
      <subfield code="a">100 p. : </subfield>
      <subfield code="b">il. ; </subfield>
      <subfield code="a">vii, 242 p. : </subfield>
      <subfield code="a">135 p. : </subfield>
      <subfield code="a">123 p. : </subfield>
      <subfield code="a">iv, 123 p. : </subfield>
      <subfield code="a">vii, 93 p. : </subfield>
      <subfield code="a">viii, 241 p. : </subfield>
      <subfield code="a">2 v. : </subfield>
      <subfield code="a">viii, 185 p. : </subfield>
      <subfield code="a">vi, 87 p. : </subfield>
      <subfield code="a">iv, 109 p. : </subfield>
      <subfield code="a">viii, 160 p. : </subfield>
      <subfield code="a">x, 129 p. : </subfield>
      <subfield code="a">iii, 77 p. : </subfield>
      <subfield code="a">iv, 116 p. : </subfield>
      <subfield code="a">vi, 129 p. : </subfield>
      <subfield code="a">v. : </subfield>
      <subfield code="a">ix, 115 p. : </subfield>
      <subfield code="a">ix, 100 p. : </subfield>
      <subfield code="a">vii, 149 p. : </subfield>
      <subfield code="a">viii, 195 p. : </subfield>
      <subfield code="a">iv, 107 p. : </subfield>
      <subfield code="a">vii, 111 p. : </subfield>
      <subfield code="a">iv, 106 p. : </subfield>
      <subfield code="a">ix, 172 p. : </subfield>
      <subfield code="a">vii, 113 p. : </subfield>
      <subfield code="a">iv, 189 p. : </subfield>
      <subfield code="a">2 v. : </subfield>
      <subfield code="a">viii, 100 p. : </subfield>
      <subfield code="a">vi, 105 p. : </subfield>
      <subfield code="a">129 p. : </subfield>
      <subfield code="b">il. ; </subfield>
      <subfield code="a">xxxvii, 110 p. : </subfield>
      <subfield code="a">117 p. : </subfield>
      <subfield code="a">155 p. : </subfield>
      <subfield code="a">xiv, 686 p. : </subfield>
      <subfield code="b">il. ; </subfield>
      <subfield code="a">433 p. : </subfield>
      <subfield code="a">298 p. : </subfield>
      <subfield code="a">261 p. : </subfield>
      <subfield code="b">il. ; </subfield>
      <subfield code="a">143 p. : </subfield>
      <subfield code="a">129 p. : </subfield>
      <subfield code="a">66 p. : </subfield>
      <subfield code="b">il. ; </subfield>
      <subfield code="a">xvi, 645 p. : </subfield>
      <subfield code="b">il. ; </subfield>
      <subfield code="a">v. : </subfield>
      <subfield code="b">il. ; </subfield>
      <subfield code="a">vii, 571 p. : </subfield>
      <subfield code="b">il. ; </subfield>
      <subfield code="a">2 v. : </subfield>
      <subfield code="b">il. ; </subfield>
      <subfield code="a">71 p. : </subfield>
      <subfield code="b">il. ; </subfield>
      <subfield code="a">395 p. : </subfield>
      <subfield code="b">il. ; </subfield>
      <subfield code="a">174 p. : </subfield>
      <subfield code="b">cuadros ; </subfield>
      <subfield code="a">156 p. : </subfield>
      <subfield code="b">il. ; </subfield>
      <subfield code="a">225 p. : </subfield>
      <subfield code="a">290 p. : </subfield>
      <subfield code="a">xiii, 1014 p. : </subfield>
      <subfield code="b">il. ; </subfield>
      <subfield code="a">xvi, [579] p. en varias paginaciones : </subfield>
      <subfield code="b">il. ; </subfield>
      <subfield code="a">xi, 685 p. : </subfield>
      <subfield code="b">il. ; </subfield>
      <subfield code="a">188 p. : </subfield>
      <subfield code="b">cuadros ; </subfield>
      <subfield code="a">2 v. : </subfield>
      <subfield code="b">il. ; </subfield>
      <subfield code="a">2 v. : </subfield>
      <subfield code="a">xi, 326 p. : </subfield>
      <subfield code="b">il. ; </subfield>
      <subfield code="a">vi, 189 p. : </subfield>
      <subfield code="a">ix, 125 p. : </subfield>
      <subfield code="a">iv, 89 p. : </subfield>
      <subfield code="a">x, 91 p. : </subfield>
      <subfield code="a">v, 127 p. : </subfield>
      <subfield code="a">vii, 125 p. : </subfield>
      <subfield code="a">119 p. : </subfield>
      <subfield code="a">viii, 86 p. : </subfield>
      <subfield code="a">vii, 109 p. : </subfield>
      <subfield code="a">ix, 2 v. : </subfield>
      <subfield code="a">122 p. : </subfield>
      <subfield code="a">75 h. : </subfield>
      <subfield code="b">il. ; </subfield>
      <subfield code="a">xiii, 321 p. : </subfield>
      <subfield code="b">il. ; </subfield>
      <subfield code="a">xxvi, 436 p. : </subfield>
      <subfield code="b">il. ; </subfield>
      <subfield code="a">95 p. : </subfield>
      <subfield code="b">il. ; </subfield>
      <subfield code="a">174 p. : </subfield>
      <subfield code="b">il. ; </subfield>
      <subfield code="a">231 p. : </subfield>
      <subfield code="b">il. ; </subfield>
      <subfield code="a">815 p. : </subfield>
      <subfield code="b">il. ; </subfield>
      <subfield code="a">314 p., 3 h. de láms. plegs. : </subfield>
      <subfield code="b">il ; </subfield>
      <subfield code="a">471 p. : </subfield>
      <subfield code="a">441 p. : </subfield>
      <subfield code="b">il. ; </subfield>
      <subfield code="a">vi, 227 p. : </subfield>
      <subfield code="a">viii, 126 p. : </subfield>
      <subfield code="a">viii, 162 p. : </subfield>
      <subfield code="a">vii, 142 p. : </subfield>
      <subfield code="a">viii, 123 p. : </subfield>
      <subfield code="a">vi, 102 p. : </subfield>
      <subfield code="a">viii, 147 p. : </subfield>
      <subfield code="a">xvi, 115 p. : </subfield>
      <subfield code="a">vi, 178 p. : </subfield>
      <subfield code="a">x, 87 p. : </subfield>
      <subfield code="a">v, 165 p. : </subfield>
      <subfield code="a">iv, 162 p. : </subfield>
      <subfield code="a">vi, 137 p. : </subfield>
      <subfield code="a">viii, 82 p. : </subfield>
      <subfield code="a">2 v. : </subfield>
      <subfield code="a">xi, 175 p. : </subfield>
      <subfield code="a">x, 89 p. : </subfield>
      <subfield code="a">iii, 122 p. : </subfield>
      <subfield code="a">viii, 136 p. : </subfield>
      <subfield code="a">x, 178 p. : </subfield>
      <subfield code="a">vii, 96 p. : </subfield>
      <subfield code="a">viii, 248 p. : </subfield>
      <subfield code="a">viii, 105 p. : </subfield>
      <subfield code="a">vii, 172 p. : </subfield>
      <subfield code="a">viii, 90 p. : </subfield>
      <subfield code="a">vi, 90 p. : </subfield>
      <subfield code="a">303 p. : </subfield>
      <subfield code="a">iv, 174 p. : </subfield>
      <subfield code="a">vii, 101 p. : </subfield>
      <subfield code="a">xi, 92 p. : </subfield>
      <subfield code="a">v. : </subfield>
      <subfield code="a">341 p. : </subfield>
      <subfield code="a">260 p. : </subfield>
      <subfield code="a">iv, 114 p. : </subfield>
      <subfield code="a">v. : </subfield>
      <subfield code="b">il. ; </subfield>
      <subfield code="a">xiv, 208 p. : </subfield>
      <subfield code="b">cuadros ; </subfield>
      <subfield code="a">74 p. : </subfield>
      <subfield code="b">il. ; </subfield>
      <subfield code="a">xxxv, 335 p. : </subfield>
      <subfield code="b">cuadros ; </subfield>
      <subfield code="e">1 disquete (3½) en bolsillo</subfield>
    </datafield>
    <datafield tag="942" ind1=" " ind2=" ">
      <subfield code="c">BK</subfield>
    </datafield>
    <datafield tag="952" ind1=" " ind2=" ">
      <subfield code="a">BIB_UACO</subfield>
      <subfield code="b">BIB_UACO</subfield>
      <subfield code="d">2008-09-16</subfield>
      <subfield code="y">BK</subfield>
      <subfield code="p">02-02112</subfield>
    </datafield>
  </record>