
  <record>
    <leader>01000aam  22002601a 4500</leader>
    <controlfield tag="001">YPZ89829</controlfield>
    <controlfield tag="003">YPZ</controlfield>
    <controlfield tag="005">200809241515500</controlfield>
    <controlfield tag="008">080924|###########||||||b||||||||||spa|d</controlfield>
    <datafield tag="040" ind1=" " ind2=" ">
      <subfield code="c">SIUNPA</subfield>
    </datafield>
    <datafield tag="041" ind1=" " ind2=" ">
      <subfield code="a">spa</subfield>
    </datafield>
    <datafield tag="044" ind1=" " ind2=" ">
      <subfield code="a">MX</subfield>
    </datafield>
    <datafield tag="082" ind1=" " ind2=" ">
      <subfield code="a">321.1 L814e2</subfield>
    </datafield>
    <datafield tag="100" ind1=" " ind2=" ">
      <subfield code="a">Locke, John.</subfield>
    </datafield>
    <datafield tag="245" ind1=" " ind2=" ">
      <subfield code="a">Ensayo sobre el gobierno civil</subfield>
      <subfield code="c"> / Carner, José, tr. y pref.</subfield>
    </datafield>
    <datafield tag="250" ind1=" " ind2=" ">
      <subfield code="a">2a ed. española</subfield>
    </datafield>
    <datafield tag="260" ind1=" " ind2=" ">
      <subfield code="a">México, D.F.</subfield>
      <subfield code="b"> : Fondo de Cultura Económica</subfield>
      <subfield code="c"> , 1941</subfield>
    </datafield>
    <datafield tag="440" ind1=" " ind2=" ">
      <subfield code="a">Colección teorema</subfield>
      <subfield code="a">Colección teorema</subfield>
      <subfield code="a">Colección Psicopedagogía</subfield>
      <subfield code="a">Colección educación y creatividad</subfield>
      <subfield code="a">Hewlett-Packard professional books</subfield>
      <subfield code="a">Sección de Ciencia Política. Los Clásicos</subfield>
      <subfield code="v">1</subfield>
    </datafield>
    <datafield tag="490" ind1=" " ind2=" ">
      <subfield code="a">Colección teorema</subfield>
      <subfield code="a">Colección teorema</subfield>
      <subfield code="a">Colección Psicopedagogía</subfield>
      <subfield code="a">Colección educación y creatividad</subfield>
      <subfield code="a">Hewlett-Packard professional books</subfield>
      <subfield code="a">Sección de Ciencia Política. Los Clásicos</subfield>
      <subfield code="v">1</subfield>
    </datafield>
    <datafield tag="942" ind1=" " ind2=" ">
      <subfield code="c">BK</subfield>
    </datafield>
    <datafield tag="952" ind1=" " ind2=" ">
      <subfield code="a">BIB_UASJ</subfield>
      <subfield code="b">BIB_UASJ</subfield>
      <subfield code="d">2008-09-02</subfield>
      <subfield code="y">BK</subfield>
      <subfield code="p">04-36366</subfield>
    </datafield>
  </record>