
  <record>
    <leader>01000aam  22002601a 4500</leader>
    <controlfield tag="001">YPZ89851</controlfield>
    <controlfield tag="003">YPZ</controlfield>
    <controlfield tag="005">200809251533180</controlfield>
    <controlfield tag="008">080925|###########||||||b||||||||||spa|d</controlfield>
    <datafield tag="020" ind1=" " ind2=" ">
      <subfield code="a">950943129X</subfield>
    </datafield>
    <datafield tag="040" ind1=" " ind2=" ">
      <subfield code="c">SIUNPA</subfield>
    </datafield>
    <datafield tag="041" ind1=" " ind2=" ">
      <subfield code="a">spa</subfield>
    </datafield>
    <datafield tag="044" ind1=" " ind2=" ">
      <subfield code="a">AR</subfield>
      <subfield code="a">DE</subfield>
    </datafield>
    <datafield tag="082" ind1=" " ind2=" ">
      <subfield code="a">338.1 P496u</subfield>
    </datafield>
    <datafield tag="100" ind1=" " ind2=" ">
      <subfield code="a">Petrissans Aguilar, Ricardo.</subfield>
    </datafield>
    <datafield tag="700" ind1=" " ind2=" ">
      <subfield code="a">Viña, Antonio.</subfield>
    </datafield>
    <datafield tag="245" ind1=" " ind2=" ">
      <subfield code="a">¿Uruguay como polo de servicios en el MERCOSUR?</subfield>
      <subfield code="b"> : potencial de desarrollo de sector de servicios y medidas para su fomento</subfield>
    </datafield>
    <datafield tag="260" ind1=" " ind2=" ">
      <subfield code="a">Buenos Aires</subfield>
      <subfield code="a">St. Agustin</subfield>
      <subfield code="b"> : Centro Interdisciplinario de Estudios sobre el Desarrollo Latinoamericano, CIEDLA</subfield>
      <subfield code="b"> : Konrad Adenauer Stiftung</subfield>
      <subfield code="c"> , 1993</subfield>
    </datafield>
    <datafield tag="942" ind1=" " ind2=" ">
      <subfield code="c">BK</subfield>
    </datafield>
    <datafield tag="952" ind1=" " ind2=" ">
      <subfield code="a">BIB_UASJ</subfield>
      <subfield code="b">BIB_UASJ</subfield>
      <subfield code="d">2008-09-02</subfield>
      <subfield code="y">BK</subfield>
      <subfield code="p">04-36367</subfield>
    </datafield>
    <datafield tag="952" ind1=" " ind2=" ">
      <subfield code="a">BIB_UASJ</subfield>
      <subfield code="b">BIB_UASJ</subfield>
      <subfield code="d">2010-06-14</subfield>
      <subfield code="y">BK</subfield>
      <subfield code="p">04-39646</subfield>
    </datafield>
  </record>