
  <record>
    <leader>01000aam  22002601a 4500</leader>
    <controlfield tag="001">YPZ89864</controlfield>
    <controlfield tag="003">YPZ</controlfield>
    <controlfield tag="005">200809261419270</controlfield>
    <controlfield tag="008">080926|###########||||||b||||||||||spa|d</controlfield>
    <datafield tag="020" ind1=" " ind2=" ">
      <subfield code="a">8433105744</subfield>
    </datafield>
    <datafield tag="040" ind1=" " ind2=" ">
      <subfield code="c">SIUNPA</subfield>
    </datafield>
    <datafield tag="041" ind1=" " ind2=" ">
      <subfield code="a">spa</subfield>
    </datafield>
    <datafield tag="044" ind1=" " ind2=" ">
      <subfield code="a">ES</subfield>
    </datafield>
    <datafield tag="082" ind1=" " ind2=" ">
      <subfield code="a">37.014.3 B689c</subfield>
    </datafield>
    <datafield tag="100" ind1=" " ind2=" ">
      <subfield code="a">Bolívar Botía, Antonio.</subfield>
    </datafield>
    <datafield tag="245" ind1=" " ind2=" ">
      <subfield code="a">Los contenidos actitudinales en el currículo de la reforma</subfield>
      <subfield code="b"> : problemas y propuestas</subfield>
    </datafield>
    <datafield tag="260" ind1=" " ind2=" ">
      <subfield code="a">Madrid</subfield>
      <subfield code="b"> : Escuela Española</subfield>
      <subfield code="c"> , 1992</subfield>
    </datafield>
    <datafield tag="440" ind1=" " ind2=" ">
      <subfield code="a">Colección Educación hoy</subfield>
      <subfield code="a">De la reforma educativa al aula</subfield>
      <subfield code="v">2</subfield>
    </datafield>
    <datafield tag="490" ind1=" " ind2=" ">
      <subfield code="a">Colección Educación hoy</subfield>
      <subfield code="a">De la reforma educativa al aula</subfield>
      <subfield code="v">2</subfield>
    </datafield>
    <datafield tag="942" ind1=" " ind2=" ">
      <subfield code="c">BK</subfield>
    </datafield>
    <datafield tag="952" ind1=" " ind2=" ">
      <subfield code="a">BIB_UACO</subfield>
      <subfield code="b">BIB_UACO</subfield>
      <subfield code="d">2008-09-26</subfield>
      <subfield code="y">BK</subfield>
      <subfield code="p">02-02073</subfield>
    </datafield>
  </record>