
  <record>
    <leader>01000aam  22002601a 4500</leader>
    <controlfield tag="001">YPZ89901</controlfield>
    <controlfield tag="003">YPZ</controlfield>
    <controlfield tag="005">200810011107150</controlfield>
    <controlfield tag="008">081001|###########||||||b||||||||||spa|d</controlfield>
    <datafield tag="040" ind1=" " ind2=" ">
      <subfield code="c">SIUNPA</subfield>
    </datafield>
    <datafield tag="041" ind1=" " ind2=" ">
      <subfield code="a">spa</subfield>
    </datafield>
    <datafield tag="044" ind1=" " ind2=" ">
      <subfield code="a">AR</subfield>
    </datafield>
    <datafield tag="082" ind1=" " ind2=" ">
      <subfield code="a">347.78 M924d</subfield>
    </datafield>
    <datafield tag="100" ind1=" " ind2=" ">
      <subfield code="a">Mouchet, Carlos.</subfield>
    </datafield>
    <datafield tag="700" ind1=" " ind2=" ">
      <subfield code="a">Radaelli, Sigfrido.</subfield>
    </datafield>
    <datafield tag="245" ind1=" " ind2=" ">
      <subfield code="a">Los derechos de la cultura</subfield>
    </datafield>
    <datafield tag="260" ind1=" " ind2=" ">
      <subfield code="a">Buenos Aires</subfield>
      <subfield code="b"> : Perrot</subfield>
      <subfield code="c"> , 1957</subfield>
    </datafield>
    <datafield tag="440" ind1=" " ind2=" ">
      <subfield code="a">Nuevos caminos en educación inicial</subfield>
      <subfield code="a">Colección alternativas en salud mental</subfield>
      <subfield code="a">Sección de Psicología y Psicoanálisis</subfield>
      <subfield code="a">Colección autoayuda y superación</subfield>
      <subfield code="a">Colección estructuras y procesos. Serie cognitiva</subfield>
      <subfield code="a">Estrategias de aula</subfield>
      <subfield code="a">Troquel Educación</subfield>
      <subfield code="a">Sección obras de Educación</subfield>
      <subfield code="a">Colección Educación para la diversidad</subfield>
      <subfield code="a">Colección de Psicología integrativa perpectivista interdisciplinaria</subfield>
      <subfield code="a">Psicopedagogía y aprendizaje</subfield>
      <subfield code="a">Colección educación al día. Educación especial</subfield>
      <subfield code="a">Colección nuevo mundo</subfield>
      <subfield code="v">7</subfield>
    </datafield>
    <datafield tag="490" ind1=" " ind2=" ">
      <subfield code="a">Nuevos caminos en educación inicial</subfield>
      <subfield code="a">Colección alternativas en salud mental</subfield>
      <subfield code="a">Sección de Psicología y Psicoanálisis</subfield>
      <subfield code="a">Colección autoayuda y superación</subfield>
      <subfield code="a">Colección estructuras y procesos. Serie cognitiva</subfield>
      <subfield code="a">Estrategias de aula</subfield>
      <subfield code="a">Troquel Educación</subfield>
      <subfield code="a">Sección obras de Educación</subfield>
      <subfield code="a">Colección Educación para la diversidad</subfield>
      <subfield code="a">Colección de Psicología integrativa perpectivista interdisciplinaria</subfield>
      <subfield code="a">Psicopedagogía y aprendizaje</subfield>
      <subfield code="a">Colección educación al día. Educación especial</subfield>
      <subfield code="a">Colección nuevo mundo</subfield>
      <subfield code="v">7</subfield>
    </datafield>
    <datafield tag="942" ind1=" " ind2=" ">
      <subfield code="c">BK</subfield>
    </datafield>
    <datafield tag="952" ind1=" " ind2=" ">
      <subfield code="a">BIB_UACO</subfield>
      <subfield code="b">BIB_UACO</subfield>
      <subfield code="d">2008-10-01</subfield>
      <subfield code="y">BK</subfield>
      <subfield code="p">02-00647</subfield>
    </datafield>
    <datafield tag="952" ind1=" " ind2=" ">
      <subfield code="a">BIB_UARG</subfield>
      <subfield code="b">BIB_UARG</subfield>
      <subfield code="d">2008-10-01</subfield>
      <subfield code="y">BK</subfield>
      <subfield code="p">05-06793</subfield>
    </datafield>
  </record>