
  <record>
    <leader>01000aam  22002601a 4500</leader>
    <controlfield tag="001">YPZ89929</controlfield>
    <controlfield tag="003">YPZ</controlfield>
    <controlfield tag="005">200810021543140</controlfield>
    <controlfield tag="008">081002|###########||||||b||||||||||spa|d</controlfield>
    <datafield tag="040" ind1=" " ind2=" ">
      <subfield code="c">SIUNPA</subfield>
    </datafield>
    <datafield tag="041" ind1=" " ind2=" ">
      <subfield code="a">spa</subfield>
    </datafield>
    <datafield tag="044" ind1=" " ind2=" ">
      <subfield code="a">AR</subfield>
    </datafield>
    <datafield tag="082" ind1=" " ind2=" ">
      <subfield code="a">81'34 M256f6</subfield>
    </datafield>
    <datafield tag="100" ind1=" " ind2=" ">
      <subfield code="a">Malmberg, Bertil.</subfield>
    </datafield>
    <datafield tag="245" ind1=" " ind2=" ">
      <subfield code="a">La fonética</subfield>
      <subfield code="c"> / Bès, Gabriel G., tr. y adaptada de la cuarta ed. 1962</subfield>
    </datafield>
    <datafield tag="250" ind1=" " ind2=" ">
      <subfield code="a">6a ed.</subfield>
    </datafield>
    <datafield tag="260" ind1=" " ind2=" ">
      <subfield code="a">Buenos Aires</subfield>
      <subfield code="b"> : Eudeba</subfield>
      <subfield code="c"> , 1964</subfield>
    </datafield>
    <datafield tag="440" ind1=" " ind2=" ">
      <subfield code="a">Pedagogía. Manuales</subfield>
      <subfield code="a">Pedagogía. Manuales</subfield>
      <subfield code="a">Colección Patagonia</subfield>
      <subfield code="a">Colección de Pedagogía práctica</subfield>
      <subfield code="a">Estrategias de aula</subfield>
      <subfield code="a">Biblioteca de cultura pedagógica. Serie didáctica</subfield>
      <subfield code="a">Colección de Pedagogía práctica</subfield>
      <subfield code="a">Biblioteca de cultura pedagógica</subfield>
      <subfield code="a">Cuadernos</subfield>
      <subfield code="v">107</subfield>
    </datafield>
    <datafield tag="490" ind1=" " ind2=" ">
      <subfield code="a">Pedagogía. Manuales</subfield>
      <subfield code="a">Pedagogía. Manuales</subfield>
      <subfield code="a">Colección Patagonia</subfield>
      <subfield code="a">Colección de Pedagogía práctica</subfield>
      <subfield code="a">Estrategias de aula</subfield>
      <subfield code="a">Biblioteca de cultura pedagógica. Serie didáctica</subfield>
      <subfield code="a">Colección de Pedagogía práctica</subfield>
      <subfield code="a">Biblioteca de cultura pedagógica</subfield>
      <subfield code="a">Cuadernos</subfield>
      <subfield code="v">107</subfield>
    </datafield>
    <datafield tag="942" ind1=" " ind2=" ">
      <subfield code="c">BK</subfield>
    </datafield>
    <datafield tag="952" ind1=" " ind2=" ">
      <subfield code="a">BIB_UART</subfield>
      <subfield code="b">BIB_UART</subfield>
      <subfield code="d">2008-09-27</subfield>
      <subfield code="y">BK</subfield>
      <subfield code="p">02-01449</subfield>
    </datafield>
  </record>