
  <record>
    <leader>01000aam  22002601a 4500</leader>
    <controlfield tag="001">YPZ89949</controlfield>
    <controlfield tag="003">YPZ</controlfield>
    <controlfield tag="005">200810061433340</controlfield>
    <controlfield tag="008">081006|###########||||||b||||||||||spa|d</controlfield>
    <datafield tag="040" ind1=" " ind2=" ">
      <subfield code="c">SIUNPA</subfield>
    </datafield>
    <datafield tag="041" ind1=" " ind2=" ">
      <subfield code="a">spa</subfield>
    </datafield>
    <datafield tag="044" ind1=" " ind2=" ">
      <subfield code="a">AR</subfield>
    </datafield>
    <datafield tag="082" ind1=" " ind2=" ">
      <subfield code="a">372.46 L566l</subfield>
    </datafield>
    <datafield tag="100" ind1=" " ind2=" ">
      <subfield code="a">Oñativia, Oscar V..</subfield>
    </datafield>
    <datafield tag="700" ind1=" " ind2=" ">
      <subfield code="a">Palermo de Ligoule, M. Zulma.</subfield>
    </datafield>
    <datafield tag="700" ind1=" " ind2=" ">
      <subfield code="a">Nardelli, María Laura.</subfield>
    </datafield>
    <datafield tag="700" ind1=" " ind2=" ">
      <subfield code="a">García de Gir, Irene.</subfield>
    </datafield>
    <datafield tag="700" ind1=" " ind2=" ">
      <subfield code="a">Wisnivesky de Medina, María Sonia.</subfield>
    </datafield>
    <datafield tag="245" ind1=" " ind2=" ">
      <subfield code="a">Lengua, ritmo y sentido</subfield>
      <subfield code="b"> : contribuciones al método integral para la enseñanza de la lectoescritura</subfield>
    </datafield>
    <datafield tag="260" ind1=" " ind2=" ">
      <subfield code="a">Buenos Aires</subfield>
      <subfield code="b"> : Guadalupe</subfield>
      <subfield code="c"> , 1976</subfield>
    </datafield>
    <datafield tag="440" ind1=" " ind2=" ">
      <subfield code="a">Enfoques y fundamentos pedagógicos</subfield>
      <subfield code="a">Didáctica / Aique</subfield>
      <subfield code="a">Colección tejados rojos. Serie para leer y comentar</subfield>
      <subfield code="a">Colección tejados rojos. Serie para leer y comentar</subfield>
      <subfield code="a">Biblioteca pedagógica. Sección II, Metodología</subfield>
      <subfield code="a">Serie para escuchar y para hablar</subfield>
      <subfield code="a">Biblioteca de Pedagogía práctica</subfield>
      <subfield code="a">Serie para escuchar y para hablar</subfield>
      <subfield code="a">Serie para escuchar y para hablar</subfield>
      <subfield code="a">Comunicación / Plus Ultra</subfield>
      <subfield code="a">Colección didáctica operativa</subfield>
      <subfield code="a">Biblioteca pedagógica. Sección II, Metodología</subfield>
      <subfield code="v">t. 7</subfield>
    </datafield>
    <datafield tag="490" ind1=" " ind2=" ">
      <subfield code="a">Enfoques y fundamentos pedagógicos</subfield>
      <subfield code="a">Didáctica / Aique</subfield>
      <subfield code="a">Colección tejados rojos. Serie para leer y comentar</subfield>
      <subfield code="a">Colección tejados rojos. Serie para leer y comentar</subfield>
      <subfield code="a">Biblioteca pedagógica. Sección II, Metodología</subfield>
      <subfield code="a">Serie para escuchar y para hablar</subfield>
      <subfield code="a">Biblioteca de Pedagogía práctica</subfield>
      <subfield code="a">Serie para escuchar y para hablar</subfield>
      <subfield code="a">Serie para escuchar y para hablar</subfield>
      <subfield code="a">Comunicación / Plus Ultra</subfield>
      <subfield code="a">Colección didáctica operativa</subfield>
      <subfield code="a">Biblioteca pedagógica. Sección II, Metodología</subfield>
      <subfield code="v">t. 7</subfield>
    </datafield>
    <datafield tag="942" ind1=" " ind2=" ">
      <subfield code="c">BK</subfield>
    </datafield>
    <datafield tag="952" ind1=" " ind2=" ">
      <subfield code="a">BIB_UACO</subfield>
      <subfield code="b">BIB_UACO</subfield>
      <subfield code="d">2008-09-27</subfield>
      <subfield code="y">BK</subfield>
      <subfield code="p">02-01202</subfield>
    </datafield>
  </record>