
  <record>
    <leader>01000aam  22002601a 4500</leader>
    <controlfield tag="001">YPZ90007</controlfield>
    <controlfield tag="003">YPZ</controlfield>
    <controlfield tag="005">200810141443550</controlfield>
    <controlfield tag="008">081014|###########||||||b||||||||||spa|d</controlfield>
    <datafield tag="020" ind1=" " ind2=" ">
      <subfield code="a">8437002907</subfield>
    </datafield>
    <datafield tag="040" ind1=" " ind2=" ">
      <subfield code="c">SIUNPA</subfield>
    </datafield>
    <datafield tag="041" ind1=" " ind2=" ">
      <subfield code="a">spa</subfield>
    </datafield>
    <datafield tag="044" ind1=" " ind2=" ">
      <subfield code="a">ES</subfield>
    </datafield>
    <datafield tag="082" ind1=" " ind2=" ">
      <subfield code="a">821.134.2.09 A472e</subfield>
    </datafield>
    <datafield tag="100" ind1=" " ind2=" ">
      <subfield code="a">Alvar, Manuel.</subfield>
    </datafield>
    <datafield tag="245" ind1=" " ind2=" ">
      <subfield code="a">Edición y estudio del Entretenimiento de las musas de don Francisco de la Torre y Sevil</subfield>
    </datafield>
    <datafield tag="260" ind1=" " ind2=" ">
      <subfield code="a">Valencia</subfield>
      <subfield code="b"> : Universitat de València</subfield>
      <subfield code="c"> , 1987</subfield>
    </datafield>
    <datafield tag="440" ind1=" " ind2=" ">
      <subfield code="a">Colección didáctica del lenguaje y la comunicación. Serie comunicación mixta</subfield>
      <subfield code="a">Comunicación / Plus Ultra</subfield>
      <subfield code="a">Biblioteca arte y ciencia de la expresión</subfield>
      <subfield code="a">Biblioteca de ciencias de la Educación</subfield>
      <subfield code="a">Biblioteca de ciencias de la Educación</subfield>
      <subfield code="a">Páginas escogidas</subfield>
      <subfield code="v">3</subfield>
    </datafield>
    <datafield tag="490" ind1=" " ind2=" ">
      <subfield code="a">Colección didáctica del lenguaje y la comunicación. Serie comunicación mixta</subfield>
      <subfield code="a">Comunicación / Plus Ultra</subfield>
      <subfield code="a">Biblioteca arte y ciencia de la expresión</subfield>
      <subfield code="a">Biblioteca de ciencias de la Educación</subfield>
      <subfield code="a">Biblioteca de ciencias de la Educación</subfield>
      <subfield code="a">Páginas escogidas</subfield>
      <subfield code="v">3</subfield>
    </datafield>
    <datafield tag="942" ind1=" " ind2=" ">
      <subfield code="c">BK</subfield>
    </datafield>
    <datafield tag="952" ind1=" " ind2=" ">
      <subfield code="a">BIB_UACO</subfield>
      <subfield code="b">BIB_UACO</subfield>
      <subfield code="d">2008-09-08</subfield>
      <subfield code="y">BK</subfield>
      <subfield code="p">02-02983</subfield>
    </datafield>
  </record>