
  <record>
    <leader>01000aam  22002601a 4500</leader>
    <controlfield tag="001">YPZ90020</controlfield>
    <controlfield tag="003">YPZ</controlfield>
    <controlfield tag="005">200810151607510</controlfield>
    <controlfield tag="008">081015|###########||||||b||||||||||spa|d</controlfield>
    <datafield tag="020" ind1=" " ind2=" ">
      <subfield code="a">8437002923</subfield>
    </datafield>
    <datafield tag="040" ind1=" " ind2=" ">
      <subfield code="c">SIUNPA</subfield>
    </datafield>
    <datafield tag="041" ind1=" " ind2=" ">
      <subfield code="a">spa</subfield>
    </datafield>
    <datafield tag="044" ind1=" " ind2=" ">
      <subfield code="a">ES</subfield>
    </datafield>
    <datafield tag="082" ind1=" " ind2=" ">
      <subfield code="a">821.134.2.09</subfield>
    </datafield>
    <datafield tag="100" ind1=" " ind2=" ">
      <subfield code="a">Lapesa, Rafael.</subfield>
    </datafield>
    <datafield tag="245" ind1=" " ind2=" ">
      <subfield code="a">Estudios lingüisticos, literarios y estilísticos</subfield>
    </datafield>
    <datafield tag="260" ind1=" " ind2=" ">
      <subfield code="a">Valencia</subfield>
      <subfield code="b"> : Universitat de València</subfield>
      <subfield code="c"> , 1987</subfield>
    </datafield>
    <datafield tag="440" ind1=" " ind2=" ">
      <subfield code="a">Aique didáctica</subfield>
      <subfield code="a">Aique didáctica</subfield>
      <subfield code="a">Aique didáctica</subfield>
      <subfield code="a">Páginas escogidas</subfield>
      <subfield code="v">2</subfield>
    </datafield>
    <datafield tag="490" ind1=" " ind2=" ">
      <subfield code="a">Aique didáctica</subfield>
      <subfield code="a">Aique didáctica</subfield>
      <subfield code="a">Aique didáctica</subfield>
      <subfield code="a">Páginas escogidas</subfield>
      <subfield code="v">2</subfield>
    </datafield>
    <datafield tag="942" ind1=" " ind2=" ">
      <subfield code="c">BK</subfield>
    </datafield>
    <datafield tag="952" ind1=" " ind2=" ">
      <subfield code="a">BIB_UACO</subfield>
      <subfield code="b">BIB_UACO</subfield>
      <subfield code="d">2008-10-15</subfield>
      <subfield code="y">BK</subfield>
      <subfield code="p">02-02981</subfield>
    </datafield>
  </record>