
  <record>
    <leader>01000aam  22002601a 4500</leader>
    <controlfield tag="001">YPZ90034</controlfield>
    <controlfield tag="003">YPZ</controlfield>
    <controlfield tag="005">200810171027560</controlfield>
    <controlfield tag="008">081017|###########||||||b||||||||||spa|d</controlfield>
    <datafield tag="020" ind1=" " ind2=" ">
      <subfield code="a">9879139135</subfield>
    </datafield>
    <datafield tag="040" ind1=" " ind2=" ">
      <subfield code="c">SIUNPA</subfield>
    </datafield>
    <datafield tag="041" ind1=" " ind2=" ">
      <subfield code="a">spa</subfield>
    </datafield>
    <datafield tag="044" ind1=" " ind2=" ">
      <subfield code="a">AR</subfield>
    </datafield>
    <datafield tag="082" ind1=" " ind2=" ">
      <subfield code="a">665.61 E539a</subfield>
    </datafield>
    <datafield tag="100" ind1=" " ind2=" ">
      <subfield code="a">Emiliozzi, Irma.</subfield>
    </datafield>
    <datafield tag="245" ind1=" " ind2=" ">
      <subfield code="a">El abecé del petróleo y del gas en el mundo y en la Argentina</subfield>
      <subfield code="c"> / Albano, Carlos, ed.</subfield>
    </datafield>
    <datafield tag="250" ind1=" " ind2=" ">
      <subfield code="a">1a ed.</subfield>
    </datafield>
    <datafield tag="260" ind1=" " ind2=" ">
      <subfield code="a">Buenos Aires</subfield>
      <subfield code="b"> : Instituto Argentino del Petróleo y del Gas, IAPG</subfield>
      <subfield code="c"> , 2000</subfield>
    </datafield>
    <datafield tag="300" ind1=" " ind2=" ">
      <subfield code="a">361 p. : </subfield>
      <subfield code="b">il. ; </subfield>
      <subfield code="a">[136] h. : </subfield>
      <subfield code="b">il. ; </subfield>
      <subfield code="a">163 p. : </subfield>
      <subfield code="a">163 p. : </subfield>
      <subfield code="a">v. : </subfield>
      <subfield code="a">169 p. : </subfield>
      <subfield code="a">264 p. : </subfield>
      <subfield code="a">445 p. : </subfield>
      <subfield code="a">277 p. : </subfield>
      <subfield code="b">il. ; </subfield>
      <subfield code="a">212 p. : </subfield>
      <subfield code="b">il. ; </subfield>
      <subfield code="a">348 p. : </subfield>
      <subfield code="a">204 p. : </subfield>
      <subfield code="b">il. ; </subfield>
      <subfield code="a">4 v. : </subfield>
      <subfield code="a">v. : </subfield>
      <subfield code="b">il. ; </subfield>
      <subfield code="a">67 p. : </subfield>
      <subfield code="a">218 p. : </subfield>
      <subfield code="b">il. ; </subfield>
      <subfield code="a">274 p. : </subfield>
      <subfield code="b">il. ; </subfield>
      <subfield code="a">814 p. : </subfield>
      <subfield code="b">il. ; </subfield>
      <subfield code="a">209 p. : </subfield>
      <subfield code="a">90 p. : </subfield>
      <subfield code="a">173 p : </subfield>
      <subfield code="a">165 p. : </subfield>
      <subfield code="a">159 p. : </subfield>
      <subfield code="a">360 p. : </subfield>
      <subfield code="b">il. ; </subfield>
      <subfield code="a">343 p. : </subfield>
      <subfield code="b">il. ; </subfield>
      <subfield code="a">293 p. : </subfield>
      <subfield code="a">105 p. : </subfield>
      <subfield code="a">144 p. : </subfield>
      <subfield code="a">204 p. : </subfield>
      <subfield code="a">146 p. : </subfield>
      <subfield code="a">63 p. : </subfield>
      <subfield code="b">il. ; </subfield>
      <subfield code="a">209 p. : </subfield>
      <subfield code="a">107 p. : </subfield>
      <subfield code="b">il. ; </subfield>
      <subfield code="a">ix, 255 p. : </subfield>
      <subfield code="b">il. ; </subfield>
      <subfield code="a">378 p. : </subfield>
      <subfield code="a">287 p. : </subfield>
      <subfield code="b">cuadros ; </subfield>
      <subfield code="a">153 p. : </subfield>
      <subfield code="b">il. ; </subfield>
      <subfield code="a">245 p. : </subfield>
      <subfield code="b">il. ; </subfield>
      <subfield code="a">v. : </subfield>
      <subfield code="b">il. ; </subfield>
      <subfield code="a">160 p. : </subfield>
      <subfield code="b">cuadros ; </subfield>
      <subfield code="a">v. : </subfield>
      <subfield code="b">il. ; </subfield>
      <subfield code="a">v. : </subfield>
      <subfield code="b">il. ; </subfield>
      <subfield code="a">106 p. : </subfield>
      <subfield code="b">il. ; </subfield>
      <subfield code="a">159 p : </subfield>
      <subfield code="a">195 p. : </subfield>
      <subfield code="a">245 p. : </subfield>
      <subfield code="b">il. ; </subfield>
      <subfield code="a">207 p. : </subfield>
      <subfield code="b">il. ; </subfield>
      <subfield code="a">120 p. : </subfield>
      <subfield code="b">il. ; </subfield>
      <subfield code="a">350 p. : </subfield>
      <subfield code="b">il. ; </subfield>
      <subfield code="a">207 p. : </subfield>
      <subfield code="a">225 p. : </subfield>
      <subfield code="a">205 p. : </subfield>
      <subfield code="a">249 p. : </subfield>
      <subfield code="b">il. ; </subfield>
      <subfield code="a">197 p. : </subfield>
      <subfield code="a">317 p. : </subfield>
      <subfield code="a">317 p. : </subfield>
      <subfield code="a">319 p. : </subfield>
      <subfield code="b">il. ; </subfield>
      <subfield code="a">199 p. : </subfield>
      <subfield code="a">376 p. : </subfield>
      <subfield code="a">164 p. : </subfield>
      <subfield code="a">438 p. : </subfield>
      <subfield code="b">il. ; </subfield>
      <subfield code="a">295 p. : </subfield>
      <subfield code="b">il. ; </subfield>
      <subfield code="a">294 p. : </subfield>
      <subfield code="b">il. ; </subfield>
      <subfield code="a">205 p. : </subfield>
      <subfield code="a">236 p. : </subfield>
      <subfield code="b">il. ; </subfield>
      <subfield code="a">175 p. : </subfield>
      <subfield code="a">287 p. : </subfield>
      <subfield code="b">il. ; </subfield>
      <subfield code="a">387 p. : </subfield>
      <subfield code="b">il. ; </subfield>
      <subfield code="a">30 p. : </subfield>
      <subfield code="b">il. ; </subfield>
      <subfield code="a">102 p. : </subfield>
      <subfield code="b">il. ; </subfield>
      <subfield code="a">45 p. : </subfield>
      <subfield code="b">il. ; </subfield>
      <subfield code="a">69 p. : </subfield>
      <subfield code="a">100 p. : </subfield>
      <subfield code="b">il. ; </subfield>
      <subfield code="a">236 p. : </subfield>
      <subfield code="a">204 p. : </subfield>
      <subfield code="b">il. ; </subfield>
      <subfield code="a">318 p. : </subfield>
      <subfield code="b">il. ; </subfield>
      <subfield code="a">111 p. : </subfield>
      <subfield code="a">246 p. : </subfield>
      <subfield code="a">212 p. : </subfield>
      <subfield code="a">154 p. : </subfield>
      <subfield code="b">il. ; </subfield>
      <subfield code="a">ix, 294 p. : </subfield>
      <subfield code="a">174 p. : </subfield>
      <subfield code="b">il. ; </subfield>
      <subfield code="a">136 p. : </subfield>
      <subfield code="a">240 p. : </subfield>
      <subfield code="b">cuadros ; </subfield>
      <subfield code="a">207 p. : </subfield>
      <subfield code="a">91 p. : </subfield>
      <subfield code="a">260 p. : </subfield>
      <subfield code="a">190 p. : </subfield>
      <subfield code="a">334 p. : </subfield>
      <subfield code="a">334 p. : </subfield>
      <subfield code="a">242 p. : </subfield>
      <subfield code="a">79 p. : </subfield>
      <subfield code="b">il. ; </subfield>
      <subfield code="a">155 p. : </subfield>
      <subfield code="b">il. ; </subfield>
      <subfield code="a">172 p. : </subfield>
      <subfield code="b">il. ; </subfield>
      <subfield code="a">162 p. : </subfield>
      <subfield code="b">il. ; </subfield>
      <subfield code="a">100 p. : </subfield>
      <subfield code="b">il. ; </subfield>
      <subfield code="a">v. : </subfield>
      <subfield code="b">il. ; </subfield>
      <subfield code="a">xi, 129 p. : </subfield>
      <subfield code="a">xiii, 232 p. : </subfield>
      <subfield code="a">127 p. : </subfield>
      <subfield code="b">il. ; </subfield>
      <subfield code="a">589 p. : </subfield>
      <subfield code="a">ix, 112 p. : </subfield>
      <subfield code="a">162 p. : </subfield>
      <subfield code="a">76 p. : </subfield>
      <subfield code="b">il. ; </subfield>
      <subfield code="a">122 p. : </subfield>
      <subfield code="a">94 p. : </subfield>
      <subfield code="b">il. ; </subfield>
      <subfield code="a">77 p. : </subfield>
      <subfield code="b">il. ; </subfield>
      <subfield code="a">79 p. : </subfield>
      <subfield code="a">416 p. : </subfield>
      <subfield code="b">il. ; </subfield>
      <subfield code="a">2 v. : </subfield>
      <subfield code="a">124 p. : </subfield>
      <subfield code="b">il. ; </subfield>
      <subfield code="a">47 p. : </subfield>
      <subfield code="b">il. ; </subfield>
      <subfield code="a">109 p. : </subfield>
      <subfield code="a">261 p. : </subfield>
      <subfield code="a">46 p. : </subfield>
      <subfield code="b">il. ; </subfield>
      <subfield code="a">48 p. : </subfield>
      <subfield code="b">il. ; </subfield>
      <subfield code="a">127 p. : </subfield>
      <subfield code="b">il. ; </subfield>
      <subfield code="a">245 p. : </subfield>
      <subfield code="b">il. ; </subfield>
      <subfield code="a">180 p. : </subfield>
      <subfield code="a">116 p. : </subfield>
      <subfield code="b">il. ; </subfield>
      <subfield code="a">297 p. : </subfield>
      <subfield code="b">il. ; </subfield>
      <subfield code="a">119 p. : </subfield>
      <subfield code="b">il. ; </subfield>
      <subfield code="a">106 p. : </subfield>
      <subfield code="a">93 p. : </subfield>
      <subfield code="a">58 p. : </subfield>
      <subfield code="a">62 p. : </subfield>
      <subfield code="a">71 p. : </subfield>
      <subfield code="a">84 p. : </subfield>
      <subfield code="a">143 p. : </subfield>
      <subfield code="b">il. ; </subfield>
      <subfield code="a">103 p. : </subfield>
      <subfield code="b">il. ; </subfield>
      <subfield code="a">378 p. : </subfield>
      <subfield code="b">il. ; </subfield>
      <subfield code="a">284 p. : </subfield>
      <subfield code="b">il. ; </subfield>
      <subfield code="a">584 p. : </subfield>
      <subfield code="a">v. : </subfield>
      <subfield code="a">605 p. : </subfield>
      <subfield code="b">il. ; </subfield>
      <subfield code="a">216 p. : </subfield>
      <subfield code="a">267 p. : </subfield>
      <subfield code="a">290 p. : </subfield>
      <subfield code="b">il. ; </subfield>
      <subfield code="a">343 p. : </subfield>
      <subfield code="b">il. ; </subfield>
      <subfield code="a">516 p. : </subfield>
      <subfield code="b">il. ; </subfield>
      <subfield code="a">307 p. : </subfield>
      <subfield code="b">il. ; </subfield>
      <subfield code="a">171 p. : </subfield>
      <subfield code="a">208 p. : </subfield>
      <subfield code="a">70 p. : </subfield>
      <subfield code="b">il. ; </subfield>
      <subfield code="a">255 p. : </subfield>
      <subfield code="a">200 p. : </subfield>
      <subfield code="b">il. ; </subfield>
      <subfield code="a">117 p. : </subfield>
      <subfield code="b">il. ; </subfield>
      <subfield code="a">133 p. : </subfield>
      <subfield code="a">148 p. : </subfield>
      <subfield code="a">260 p. : </subfield>
      <subfield code="a">100 p. : </subfield>
      <subfield code="b">il. ; </subfield>
      <subfield code="a">257 p. : </subfield>
      <subfield code="a">602 p. : </subfield>
      <subfield code="b">il. ; </subfield>
      <subfield code="a">402 p. : </subfield>
      <subfield code="b">il. ; </subfield>
      <subfield code="a">352 p. : </subfield>
      <subfield code="b">il. ; </subfield>
      <subfield code="a">2 v. : </subfield>
      <subfield code="b">il. ; </subfield>
      <subfield code="a">3 v. : </subfield>
      <subfield code="a">153 p. : </subfield>
      <subfield code="b">il. ; </subfield>
      <subfield code="a">224 p. : </subfield>
      <subfield code="b">il. ; </subfield>
      <subfield code="a">127 p. : </subfield>
      <subfield code="b">il. ; </subfield>
      <subfield code="a">410 p. : </subfield>
      <subfield code="b">il. ; </subfield>
      <subfield code="a">159 p. : </subfield>
      <subfield code="b">il. ; </subfield>
      <subfield code="a">283 p. : </subfield>
      <subfield code="a">296 p. : </subfield>
      <subfield code="b">il. ; </subfield>
      <subfield code="a">xv, 155 p. : </subfield>
      <subfield code="b">il. ; </subfield>
      <subfield code="a">221  p. : </subfield>
      <subfield code="b">il. ; </subfield>
      <subfield code="a">140 p. : </subfield>
      <subfield code="b">il. ; </subfield>
      <subfield code="a">460 p. : </subfield>
      <subfield code="b">il. ; </subfield>
      <subfield code="a">460 p. : </subfield>
      <subfield code="b">il. ; </subfield>
      <subfield code="a">272 p. : </subfield>
      <subfield code="a">182 p. : </subfield>
      <subfield code="b">il. ; </subfield>
      <subfield code="a">260 p. : </subfield>
      <subfield code="b">il. ; </subfield>
      <subfield code="a">264 p. : </subfield>
      <subfield code="a">404 p. : </subfield>
      <subfield code="a">1663 p. : </subfield>
      <subfield code="b">il. ; </subfield>
      <subfield code="a">884 p. : </subfield>
      <subfield code="a">192 p. : </subfield>
      <subfield code="b">il. ; </subfield>
      <subfield code="a">xiii, 1206 p. : </subfield>
      <subfield code="a">736 p. : </subfield>
      <subfield code="a">1431 p. : </subfield>
      <subfield code="a">2 v. : </subfield>
      <subfield code="a">245 p. : </subfield>
      <subfield code="b">il. ; </subfield>
      <subfield code="a">v. : </subfield>
      <subfield code="b">il. ; </subfield>
      <subfield code="a">245 p. : </subfield>
      <subfield code="b">il. ; </subfield>
      <subfield code="a">245 p. : </subfield>
      <subfield code="b">il. ; </subfield>
      <subfield code="a">152 p. : </subfield>
      <subfield code="a">xv, 664 p. : </subfield>
      <subfield code="a">xii, 1513 p. : </subfield>
      <subfield code="b">il. ; </subfield>
      <subfield code="a">87 p. : </subfield>
      <subfield code="b">il. ; </subfield>
      <subfield code="a">65 p. : </subfield>
      <subfield code="b">il. ; </subfield>
      <subfield code="a">520 p. : </subfield>
      <subfield code="b">il. ; </subfield>
      <subfield code="a">417 p. : </subfield>
      <subfield code="b">il. ; </subfield>
      <subfield code="a">410 p. : </subfield>
      <subfield code="b">il. ; </subfield>
      <subfield code="a">247 p. : </subfield>
      <subfield code="a">191 p. : </subfield>
      <subfield code="a">94 p. : </subfield>
      <subfield code="b">il. ; </subfield>
      <subfield code="a">391 p. : </subfield>
      <subfield code="a">227 p. : </subfield>
      <subfield code="b">il. ; </subfield>
      <subfield code="a">v, 134 p. : </subfield>
      <subfield code="b">il. ; </subfield>
      <subfield code="e">[1] h. plegs. de láms.</subfield>
    </datafield>
    <datafield tag="500" ind1=" " ind2=" ">
      <subfield code="a">En el ejemplar nº 1 de la UACO (02-07522), no contiene la hoja plegada</subfield>
    </datafield>
    <datafield tag="942" ind1=" " ind2=" ">
      <subfield code="c">BK</subfield>
    </datafield>
    <datafield tag="952" ind1=" " ind2=" ">
      <subfield code="a">BIB_UACO</subfield>
      <subfield code="b">BIB_UACO</subfield>
      <subfield code="d">2008-10-17</subfield>
      <subfield code="y">BK</subfield>
      <subfield code="p">02-07522</subfield>
    </datafield>
    <datafield tag="952" ind1=" " ind2=" ">
      <subfield code="a">BIB_UACO</subfield>
      <subfield code="b">BIB_UACO</subfield>
      <subfield code="d">2008-10-17</subfield>
      <subfield code="y">BK</subfield>
      <subfield code="p">02-36422</subfield>
    </datafield>
  </record>