
  <record>
    <leader>01000aam  22002601a 4500</leader>
    <controlfield tag="001">YPZ90062</controlfield>
    <controlfield tag="003">YPZ</controlfield>
    <controlfield tag="005">200810201537450</controlfield>
    <controlfield tag="008">081020|###########||||||b||||||||||spa|d</controlfield>
    <datafield tag="040" ind1=" " ind2=" ">
      <subfield code="c">SIUNPA</subfield>
    </datafield>
    <datafield tag="041" ind1=" " ind2=" ">
      <subfield code="a">spa</subfield>
    </datafield>
    <datafield tag="044" ind1=" " ind2=" ">
      <subfield code="a">AR</subfield>
    </datafield>
    <datafield tag="082" ind1=" " ind2=" ">
      <subfield code="a">164 B742i6</subfield>
    </datafield>
    <datafield tag="100" ind1=" " ind2=" ">
      <subfield code="a">Bosch, Jorge.</subfield>
    </datafield>
    <datafield tag="245" ind1=" " ind2=" ">
      <subfield code="a">Introducción al simbolismo lógico</subfield>
    </datafield>
    <datafield tag="250" ind1=" " ind2=" ">
      <subfield code="a">6a ed.</subfield>
    </datafield>
    <datafield tag="260" ind1=" " ind2=" ">
      <subfield code="a">Buenos Aires</subfield>
      <subfield code="b"> : Eudeba</subfield>
      <subfield code="c"> , 1971</subfield>
    </datafield>
    <datafield tag="942" ind1=" " ind2=" ">
      <subfield code="c">BK</subfield>
    </datafield>
    <datafield tag="952" ind1=" " ind2=" ">
      <subfield code="a">BIB_UACO</subfield>
      <subfield code="b">BIB_UACO</subfield>
      <subfield code="d">2008-10-20</subfield>
      <subfield code="y">BK</subfield>
      <subfield code="p">02-01032</subfield>
    </datafield>
  </record>