
  <record>
    <leader>01000aam  22002601a 4500</leader>
    <controlfield tag="001">YPZ90082</controlfield>
    <controlfield tag="003">YPZ</controlfield>
    <controlfield tag="005">200810221442190</controlfield>
    <controlfield tag="008">081022|###########||||||b||||||||||spa|d</controlfield>
    <datafield tag="020" ind1=" " ind2=" ">
      <subfield code="a">9501220702</subfield>
    </datafield>
    <datafield tag="040" ind1=" " ind2=" ">
      <subfield code="c">SIUNPA</subfield>
    </datafield>
    <datafield tag="041" ind1=" " ind2=" ">
      <subfield code="a">spa</subfield>
    </datafield>
    <datafield tag="044" ind1=" " ind2=" ">
      <subfield code="a">AR</subfield>
    </datafield>
    <datafield tag="082" ind1=" " ind2=" ">
      <subfield code="a">316.614 E437n</subfield>
    </datafield>
    <datafield tag="100" ind1=" " ind2=" ">
      <subfield code="a">Elkin, Frederick.</subfield>
    </datafield>
    <datafield tag="245" ind1=" " ind2=" ">
      <subfield code="a">El niño y la sociedad</subfield>
    </datafield>
    <datafield tag="260" ind1=" " ind2=" ">
      <subfield code="a">Buenos Aires</subfield>
      <subfield code="b"> : Paidós</subfield>
      <subfield code="c"> , 1992</subfield>
    </datafield>
    <datafield tag="440" ind1=" " ind2=" ">
      <subfield code="a">Sección de obras de economía. Economía contemporánea</subfield>
      <subfield code="a">Colección breviarios pedagógicos</subfield>
      <subfield code="a">Biblioteca de Ciencias de la Educación</subfield>
      <subfield code="a">La investigación social</subfield>
      <subfield code="a">Biblioteca de Ciencias de la Educación</subfield>
      <subfield code="a">Paidós educador</subfield>
      <subfield code="v">70</subfield>
    </datafield>
    <datafield tag="490" ind1=" " ind2=" ">
      <subfield code="a">Sección de obras de economía. Economía contemporánea</subfield>
      <subfield code="a">Colección breviarios pedagógicos</subfield>
      <subfield code="a">Biblioteca de Ciencias de la Educación</subfield>
      <subfield code="a">La investigación social</subfield>
      <subfield code="a">Biblioteca de Ciencias de la Educación</subfield>
      <subfield code="a">Paidós educador</subfield>
      <subfield code="v">70</subfield>
    </datafield>
    <datafield tag="942" ind1=" " ind2=" ">
      <subfield code="c">BK</subfield>
    </datafield>
    <datafield tag="952" ind1=" " ind2=" ">
      <subfield code="a">BIB_UART</subfield>
      <subfield code="b">BIB_UART</subfield>
      <subfield code="d">2008-10-22</subfield>
      <subfield code="y">BK</subfield>
      <subfield code="p">03-01805</subfield>
    </datafield>
  </record>