
  <record>
    <leader>01000aam  22002601a 4500</leader>
    <controlfield tag="001">YPZ90114</controlfield>
    <controlfield tag="003">YPZ</controlfield>
    <controlfield tag="005">200810241602130</controlfield>
    <controlfield tag="008">081024|###########||||||b||||||||||spa|d</controlfield>
    <datafield tag="020" ind1=" " ind2=" ">
      <subfield code="a">950230232X</subfield>
    </datafield>
    <datafield tag="040" ind1=" " ind2=" ">
      <subfield code="c">SIUNPA</subfield>
    </datafield>
    <datafield tag="041" ind1=" " ind2=" ">
      <subfield code="a">spa</subfield>
    </datafield>
    <datafield tag="044" ind1=" " ind2=" ">
      <subfield code="a">AR</subfield>
    </datafield>
    <datafield tag="082" ind1=" " ind2=" ">
      <subfield code="a">001.1 G944i</subfield>
    </datafield>
    <datafield tag="100" ind1=" " ind2=" ">
      <subfield code="a">Guibourg, Ricardo A..</subfield>
    </datafield>
    <datafield tag="700" ind1=" " ind2=" ">
      <subfield code="a">Ghigliani, Alejandro M..</subfield>
    </datafield>
    <datafield tag="700" ind1=" " ind2=" ">
      <subfield code="a">Guarinoni, Ricardo V..</subfield>
    </datafield>
    <datafield tag="245" ind1=" " ind2=" ">
      <subfield code="a">Introducción al conocimiento científico</subfield>
      <subfield code="b"> : lenguaje y ciencia. Material de lectura</subfield>
    </datafield>
    <datafield tag="260" ind1=" " ind2=" ">
      <subfield code="a">Buenos Aires</subfield>
      <subfield code="b"> : Eudeba</subfield>
      <subfield code="c"> , 1986</subfield>
    </datafield>
    <datafield tag="440" ind1=" " ind2=" ">
      <subfield code="a">Enfoques en educación</subfield>
      <subfield code="a">Clásicos inolvidables</subfield>
      <subfield code="a">Biblioteca universitaria básica</subfield>
      <subfield code="a">Colección cumbre. Formato mayor</subfield>
      <subfield code="a">Medios de comunicación en la enseñanza</subfield>
      <subfield code="a">UBA XXI</subfield>
      <subfield code="v">módulo 1</subfield>
    </datafield>
    <datafield tag="490" ind1=" " ind2=" ">
      <subfield code="a">Enfoques en educación</subfield>
      <subfield code="a">Clásicos inolvidables</subfield>
      <subfield code="a">Biblioteca universitaria básica</subfield>
      <subfield code="a">Colección cumbre. Formato mayor</subfield>
      <subfield code="a">Medios de comunicación en la enseñanza</subfield>
      <subfield code="a">UBA XXI</subfield>
      <subfield code="v">módulo 1</subfield>
    </datafield>
    <datafield tag="942" ind1=" " ind2=" ">
      <subfield code="c">BK</subfield>
    </datafield>
    <datafield tag="952" ind1=" " ind2=" ">
      <subfield code="a">BIB_UARG</subfield>
      <subfield code="b">BIB_UARG</subfield>
      <subfield code="d">2008-10-24</subfield>
      <subfield code="y">BK</subfield>
      <subfield code="p">05-08078</subfield>
    </datafield>
  </record>