
  <record>
    <leader>01000aam  22002601a 4500</leader>
    <controlfield tag="001">YPZ90124</controlfield>
    <controlfield tag="003">YPZ</controlfield>
    <controlfield tag="005">200810271541200</controlfield>
    <controlfield tag="008">081027|###########||||||b||||||||||spa|d</controlfield>
    <datafield tag="040" ind1=" " ind2=" ">
      <subfield code="c">SIUNPA</subfield>
    </datafield>
    <datafield tag="041" ind1=" " ind2=" ">
      <subfield code="a">spa</subfield>
    </datafield>
    <datafield tag="044" ind1=" " ind2=" ">
      <subfield code="a">AR</subfield>
    </datafield>
    <datafield tag="082" ind1=" " ind2=" ">
      <subfield code="a">159.9.072 B433t</subfield>
    </datafield>
    <datafield tag="100" ind1=" " ind2=" ">
      <subfield code="a">Bell, John E..</subfield>
    </datafield>
    <datafield tag="245" ind1=" " ind2=" ">
      <subfield code="a">Técnicas proyectivas</subfield>
      <subfield code="b"> : exploración de la dinámica de la personalidad</subfield>
      <subfield code="c"> / Bernstein, Jaime, presentación y ap. ; Maci, Guillermo Alberto, tr.</subfield>
    </datafield>
    <datafield tag="250" ind1=" " ind2=" ">
      <subfield code="a">1a ed., 2a reimpr.</subfield>
    </datafield>
    <datafield tag="260" ind1=" " ind2=" ">
      <subfield code="a">Buenos Aires</subfield>
      <subfield code="b"> : Paidós</subfield>
      <subfield code="c"> , 1951</subfield>
    </datafield>
    <datafield tag="440" ind1=" " ind2=" ">
      <subfield code="a">Atención primaria de salud</subfield>
      <subfield code="a">Colección alternativas en salud mental</subfield>
      <subfield code="a">Manuales profesionales</subfield>
      <subfield code="a">Biblioteca de Psicometría</subfield>
      <subfield code="v">v. 9</subfield>
    </datafield>
    <datafield tag="490" ind1=" " ind2=" ">
      <subfield code="a">Atención primaria de salud</subfield>
      <subfield code="a">Colección alternativas en salud mental</subfield>
      <subfield code="a">Manuales profesionales</subfield>
      <subfield code="a">Biblioteca de Psicometría</subfield>
      <subfield code="v">v. 9</subfield>
    </datafield>
    <datafield tag="942" ind1=" " ind2=" ">
      <subfield code="c">BK</subfield>
    </datafield>
    <datafield tag="952" ind1=" " ind2=" ">
      <subfield code="a">BIB_UARG</subfield>
      <subfield code="b">BIB_UARG</subfield>
      <subfield code="d">2008-10-27</subfield>
      <subfield code="y">BK</subfield>
      <subfield code="p">05-08347</subfield>
    </datafield>
  </record>