
  <record>
    <leader>01000aam  22002601a 4500</leader>
    <controlfield tag="001">YPZ90143</controlfield>
    <controlfield tag="003">YPZ</controlfield>
    <controlfield tag="005">200810291317480</controlfield>
    <controlfield tag="008">081029|###########||||||b||||||||||spa|d</controlfield>
    <datafield tag="040" ind1=" " ind2=" ">
      <subfield code="c">SIUNPA</subfield>
    </datafield>
    <datafield tag="041" ind1=" " ind2=" ">
      <subfield code="a">spa</subfield>
    </datafield>
    <datafield tag="044" ind1=" " ind2=" ">
      <subfield code="a">AR</subfield>
    </datafield>
    <datafield tag="082" ind1=" " ind2=" ">
      <subfield code="a">612.8 B129f</subfield>
    </datafield>
    <datafield tag="100" ind1=" " ind2=" ">
      <subfield code="a">Bacq, Z.M..</subfield>
    </datafield>
    <datafield tag="245" ind1=" " ind2=" ">
      <subfield code="a">Fisiología y farmacología del sistema neurovegetativo</subfield>
      <subfield code="b"> : la acetilcolina y la adrenalina</subfield>
      <subfield code="c"> / Ortega, Miguel, tr.</subfield>
    </datafield>
    <datafield tag="250" ind1=" " ind2=" ">
      <subfield code="a">1a ed.</subfield>
    </datafield>
    <datafield tag="260" ind1=" " ind2=" ">
      <subfield code="a">Buenos Aires</subfield>
      <subfield code="b"> : Espasa-Calpe Argentina</subfield>
      <subfield code="c"> , 1939</subfield>
    </datafield>
    <datafield tag="300" ind1=" " ind2=" ">
      <subfield code="a">115 p. : </subfield>
      <subfield code="b">il. ; </subfield>
      <subfield code="a">221 p. : </subfield>
      <subfield code="a">143 p. : </subfield>
      <subfield code="b">il. ; </subfield>
      <subfield code="a">132 p. : </subfield>
      <subfield code="b">il. ; </subfield>
      <subfield code="a">92 p. : </subfield>
      <subfield code="a">78 p. : </subfield>
      <subfield code="b">il. ; </subfield>
      <subfield code="a">173 p. : </subfield>
      <subfield code="a">xxix, 624 p. : </subfield>
      <subfield code="b">il. ; </subfield>
      <subfield code="a">372 p. : </subfield>
      <subfield code="a">119 p. : </subfield>
      <subfield code="a">3 v. : </subfield>
      <subfield code="a">xiii, 84 p. : </subfield>
      <subfield code="b">il. ; </subfield>
      <subfield code="a">xi, 217 p. : </subfield>
      <subfield code="b">il. ; </subfield>
      <subfield code="a">62 p. : </subfield>
      <subfield code="b">il. ; </subfield>
      <subfield code="a">v. : </subfield>
      <subfield code="a">157 p. : </subfield>
      <subfield code="b">il. ; </subfield>
      <subfield code="a">135 p. : </subfield>
      <subfield code="a">xxv, [368] p. en varias paginaciones : </subfield>
      <subfield code="b">il. ; </subfield>
      <subfield code="a">276 p. : </subfield>
      <subfield code="a">v. : </subfield>
      <subfield code="a">147 p. : </subfield>
      <subfield code="b">il. ; </subfield>
      <subfield code="a">313 p. : </subfield>
      <subfield code="b">il. ; </subfield>
      <subfield code="a">67 p. : </subfield>
      <subfield code="a">v. : </subfield>
      <subfield code="a">61 p. : </subfield>
      <subfield code="a">62 p. : </subfield>
      <subfield code="b">il. ; </subfield>
      <subfield code="a">180 p. : </subfield>
      <subfield code="a">86 p. : </subfield>
      <subfield code="b">il. ; </subfield>
      <subfield code="a">400 p. : </subfield>
      <subfield code="a">32 p. : </subfield>
      <subfield code="a">30 p. : </subfield>
      <subfield code="a">26 p. : </subfield>
      <subfield code="a">145 p. : </subfield>
      <subfield code="b">il. ; </subfield>
      <subfield code="a">195 p. : </subfield>
      <subfield code="b">il. ; </subfield>
      <subfield code="a">xiv, 223 p. : </subfield>
      <subfield code="b">il. ; </subfield>
      <subfield code="a">xviii, 305 p. : </subfield>
      <subfield code="b">il. ; </subfield>
      <subfield code="a">217 p. : </subfield>
      <subfield code="b">il. ; </subfield>
      <subfield code="a">vii, 105 p. : </subfield>
      <subfield code="b">il. ; </subfield>
      <subfield code="a">xi, 209 p. : </subfield>
      <subfield code="b">il. ; </subfield>
      <subfield code="a">300 p. : </subfield>
      <subfield code="a">295 p. : </subfield>
      <subfield code="a">93 p. : </subfield>
      <subfield code="b">il. ; </subfield>
      <subfield code="a">151 p. : </subfield>
      <subfield code="a">232 p. : </subfield>
      <subfield code="a">xliii, 353 p. : </subfield>
      <subfield code="a">118 p. : </subfield>
      <subfield code="a">127 p. : </subfield>
      <subfield code="a">203 p. : </subfield>
      <subfield code="a">225 p. : </subfield>
      <subfield code="a">372 p. : </subfield>
      <subfield code="a">372 p. : </subfield>
      <subfield code="a">145 p. : </subfield>
      <subfield code="a">67 p. : </subfield>
      <subfield code="a">155 p. : </subfield>
      <subfield code="a">191 p. : </subfield>
      <subfield code="b">il. ; </subfield>
      <subfield code="a">v. : </subfield>
      <subfield code="a">218 p. : </subfield>
      <subfield code="a">153 p. : </subfield>
      <subfield code="a">207 p. : </subfield>
      <subfield code="a">641 p. : </subfield>
      <subfield code="b">il. ; </subfield>
      <subfield code="a">141 p. : </subfield>
      <subfield code="b">il. ; </subfield>
      <subfield code="a">301 p. : </subfield>
      <subfield code="b">il. ; </subfield>
      <subfield code="a">599 p. : </subfield>
      <subfield code="b">il. ; </subfield>
      <subfield code="a">141 p. : </subfield>
      <subfield code="a">473 p. : </subfield>
      <subfield code="b">il. ; </subfield>
      <subfield code="a">161 p. : </subfield>
      <subfield code="a">168 p. : </subfield>
      <subfield code="b">il. ; </subfield>
      <subfield code="a">103 p. : </subfield>
      <subfield code="b">il. ; </subfield>
      <subfield code="a">51 p. : </subfield>
      <subfield code="b">il. ; </subfield>
      <subfield code="a">v, 59 p. : </subfield>
      <subfield code="b">il. ; </subfield>
      <subfield code="a">1004 p. : </subfield>
      <subfield code="a">xv, 951 p. : </subfield>
      <subfield code="b">il. ; </subfield>
      <subfield code="a">xxiii, 579 p. : </subfield>
      <subfield code="b">il. ; </subfield>
      <subfield code="a">4 v. : </subfield>
      <subfield code="a">172 p. : </subfield>
      <subfield code="b">il. ; </subfield>
      <subfield code="a">338 p. : </subfield>
      <subfield code="b">il. ; </subfield>
      <subfield code="a">156 p. : </subfield>
      <subfield code="b">il. ; </subfield>
      <subfield code="a">65 p. : </subfield>
      <subfield code="b">il. ; </subfield>
      <subfield code="a">222 p. : </subfield>
      <subfield code="b">il. ; </subfield>
      <subfield code="a">176 p. : </subfield>
      <subfield code="a">2 v. : </subfield>
      <subfield code="a">140 p. : </subfield>
      <subfield code="a">236 p. : </subfield>
      <subfield code="b">il. ; </subfield>
      <subfield code="a">301 p. : </subfield>
      <subfield code="b">il. ; </subfield>
      <subfield code="a">416 p. : </subfield>
      <subfield code="b">il. ; </subfield>
      <subfield code="a">341 p. : </subfield>
      <subfield code="a">316 p. : </subfield>
      <subfield code="b">il. ; </subfield>
      <subfield code="a">501 p. : </subfield>
      <subfield code="a">2 v. : </subfield>
      <subfield code="a">204 p. : </subfield>
      <subfield code="a">580 p. : </subfield>
      <subfield code="b">il. ; </subfield>
      <subfield code="a">2 v. : </subfield>
      <subfield code="a">125 p. : </subfield>
      <subfield code="b">il. ; </subfield>
      <subfield code="a">126 p. : </subfield>
      <subfield code="b">il. ; </subfield>
      <subfield code="a">131 p. : </subfield>
      <subfield code="b">il. ; </subfield>
      <subfield code="a">125 p. : </subfield>
      <subfield code="b">il. ; </subfield>
      <subfield code="a">125 p. : </subfield>
      <subfield code="b">il. ; </subfield>
      <subfield code="a">127 p. : </subfield>
      <subfield code="b">il. ; </subfield>
      <subfield code="a">127 p. : </subfield>
      <subfield code="b">il. ; </subfield>
      <subfield code="a">127 p. : </subfield>
      <subfield code="b">il. ; </subfield>
      <subfield code="a">263 p. : </subfield>
      <subfield code="b">il. ; </subfield>
      <subfield code="a">153 p. : </subfield>
      <subfield code="b">il. ; </subfield>
      <subfield code="a">298 p. : </subfield>
      <subfield code="a">255 p. : </subfield>
      <subfield code="a">341 p. : </subfield>
      <subfield code="a">v. : </subfield>
      <subfield code="b">il. ; </subfield>
      <subfield code="a">124 p. : </subfield>
      <subfield code="b">il. ; </subfield>
      <subfield code="e">1 h. pleg. de láms.</subfield>
    </datafield>
    <datafield tag="942" ind1=" " ind2=" ">
      <subfield code="c">BK</subfield>
    </datafield>
    <datafield tag="952" ind1=" " ind2=" ">
      <subfield code="a">BIB_UASJ</subfield>
      <subfield code="b">BIB_UASJ</subfield>
      <subfield code="d">2008-10-29</subfield>
      <subfield code="y">BK</subfield>
      <subfield code="p">04-36462</subfield>
    </datafield>
  </record>