
  <record>
    <leader>01000aam  22002601a 4500</leader>
    <controlfield tag="001">YPZ90166</controlfield>
    <controlfield tag="003">YPZ</controlfield>
    <controlfield tag="005">200810301704410</controlfield>
    <controlfield tag="008">081030|###########||||||b||||||||||spa|d</controlfield>
    <datafield tag="020" ind1=" " ind2=" ">
      <subfield code="a">9681626982</subfield>
    </datafield>
    <datafield tag="040" ind1=" " ind2=" ">
      <subfield code="c">SIUNPA</subfield>
    </datafield>
    <datafield tag="041" ind1=" " ind2=" ">
      <subfield code="a">spa</subfield>
    </datafield>
    <datafield tag="044" ind1=" " ind2=" ">
      <subfield code="a">MX</subfield>
    </datafield>
    <datafield tag="082" ind1=" " ind2=" ">
      <subfield code="a">821.134.2(72) T695l</subfield>
    </datafield>
    <datafield tag="100" ind1=" " ind2=" ">
      <subfield code="a">Torri, Julio.</subfield>
    </datafield>
    <datafield tag="245" ind1=" " ind2=" ">
      <subfield code="a">El ladrón de ataúdes</subfield>
      <subfield code="c"> / García Terrés, Jaime, pról. ; Zaïtzeff, Serge I., recopilación y estudio prelim.</subfield>
    </datafield>
    <datafield tag="250" ind1=" " ind2=" ">
      <subfield code="a">1a ed.</subfield>
    </datafield>
    <datafield tag="260" ind1=" " ind2=" ">
      <subfield code="a">México, D.F.</subfield>
      <subfield code="b"> : Fondo de Cultura Económica</subfield>
      <subfield code="c"> , 1987</subfield>
    </datafield>
    <datafield tag="440" ind1=" " ind2=" ">
      <subfield code="a">Colección Austral</subfield>
      <subfield code="a">Sección de obras de economía</subfield>
      <subfield code="a">Libros de nueva sociedad</subfield>
      <subfield code="a">Serie Economía</subfield>
      <subfield code="a">Sección de obras de historia</subfield>
      <subfield code="a">Grupos de Trabajo de CLACSO</subfield>
      <subfield code="a">Serie estudios de lingüística y literatura / El Colegio de México</subfield>
      <subfield code="a">Colección de artes y de letras</subfield>
      <subfield code="a">Cuadernos de la Gaceta</subfield>
      <subfield code="v">44</subfield>
    </datafield>
    <datafield tag="490" ind1=" " ind2=" ">
      <subfield code="a">Colección Austral</subfield>
      <subfield code="a">Sección de obras de economía</subfield>
      <subfield code="a">Libros de nueva sociedad</subfield>
      <subfield code="a">Serie Economía</subfield>
      <subfield code="a">Sección de obras de historia</subfield>
      <subfield code="a">Grupos de Trabajo de CLACSO</subfield>
      <subfield code="a">Serie estudios de lingüística y literatura / El Colegio de México</subfield>
      <subfield code="a">Colección de artes y de letras</subfield>
      <subfield code="a">Cuadernos de la Gaceta</subfield>
      <subfield code="v">44</subfield>
    </datafield>
    <datafield tag="942" ind1=" " ind2=" ">
      <subfield code="c">BK</subfield>
    </datafield>
    <datafield tag="952" ind1=" " ind2=" ">
      <subfield code="a">BIB_UASJ</subfield>
      <subfield code="b">BIB_UASJ</subfield>
      <subfield code="d">2008-10-29</subfield>
      <subfield code="y">BK</subfield>
      <subfield code="p">04-36442</subfield>
    </datafield>
    <datafield tag="952" ind1=" " ind2=" ">
      <subfield code="a">BIB_UASJ</subfield>
      <subfield code="b">BIB_UASJ</subfield>
      <subfield code="d">2008-10-29</subfield>
      <subfield code="y">BK</subfield>
      <subfield code="p">04-36443</subfield>
    </datafield>
  </record>