
  <record>
    <leader>01000aam  22002601a 4500</leader>
    <controlfield tag="001">YPZ90173</controlfield>
    <controlfield tag="003">YPZ</controlfield>
    <controlfield tag="005">200810311657040</controlfield>
    <controlfield tag="008">081031|###########||||||b||||||||||spa|d</controlfield>
    <datafield tag="040" ind1=" " ind2=" ">
      <subfield code="c">SIUNPA</subfield>
    </datafield>
    <datafield tag="041" ind1=" " ind2=" ">
      <subfield code="a">spa</subfield>
    </datafield>
    <datafield tag="044" ind1=" " ind2=" ">
      <subfield code="a">MX</subfield>
    </datafield>
    <datafield tag="082" ind1=" " ind2=" ">
      <subfield code="a">94(37) M779g</subfield>
    </datafield>
    <datafield tag="100" ind1=" " ind2=" ">
      <subfield code="a">Montesquieu, Charles Louis de Secondat, Barón de.</subfield>
    </datafield>
    <datafield tag="245" ind1=" " ind2=" ">
      <subfield code="a">Grandeza y decadencia de los romanos</subfield>
      <subfield code="c"> / Ruiz Funes, Mariano, resumen y nota prelim.</subfield>
    </datafield>
    <datafield tag="260" ind1=" " ind2=" ">
      <subfield code="a">México, D.F.</subfield>
      <subfield code="b"> : Secretaría de Educación Pública</subfield>
      <subfield code="c"> , 1947</subfield>
    </datafield>
    <datafield tag="440" ind1=" " ind2=" ">
      <subfield code="a">Tezontle</subfield>
      <subfield code="a">Letras del Siglo XX</subfield>
      <subfield code="a">Colección Historia Biblioteca Nueva</subfield>
      <subfield code="a">Biblioteca enciclopédica popular</subfield>
      <subfield code="v">145</subfield>
    </datafield>
    <datafield tag="490" ind1=" " ind2=" ">
      <subfield code="a">Tezontle</subfield>
      <subfield code="a">Letras del Siglo XX</subfield>
      <subfield code="a">Colección Historia Biblioteca Nueva</subfield>
      <subfield code="a">Biblioteca enciclopédica popular</subfield>
      <subfield code="v">145</subfield>
    </datafield>
    <datafield tag="942" ind1=" " ind2=" ">
      <subfield code="c">BK</subfield>
    </datafield>
    <datafield tag="952" ind1=" " ind2=" ">
      <subfield code="a">BIB_UASJ</subfield>
      <subfield code="b">BIB_UASJ</subfield>
      <subfield code="d">2008-10-29</subfield>
      <subfield code="y">BK</subfield>
      <subfield code="p">04-36438</subfield>
    </datafield>
  </record>