
  <record>
    <leader>01000aam  22002601a 4500</leader>
    <controlfield tag="001">YPZ90216</controlfield>
    <controlfield tag="003">YPZ</controlfield>
    <controlfield tag="005">200811061441250</controlfield>
    <controlfield tag="008">081106|###########||||||b||||||||||spa|d</controlfield>
    <datafield tag="040" ind1=" " ind2=" ">
      <subfield code="c">SIUNPA</subfield>
    </datafield>
    <datafield tag="041" ind1=" " ind2=" ">
      <subfield code="a">spa</subfield>
    </datafield>
    <datafield tag="044" ind1=" " ind2=" ">
      <subfield code="a">CU</subfield>
    </datafield>
    <datafield tag="082" ind1=" " ind2=" ">
      <subfield code="a">338.1 A832a</subfield>
    </datafield>
    <datafield tag="245" ind1=" " ind2=" ">
      <subfield code="a">Asia, una visión desde el pacífico mexicano</subfield>
      <subfield code="c"> / Millán Alarid, Alfredo Octavio, coordinador</subfield>
    </datafield>
    <datafield tag="250" ind1=" " ind2=" ">
      <subfield code="a">1a ed.</subfield>
    </datafield>
    <datafield tag="260" ind1=" " ind2=" ">
      <subfield code="a">Sinaloa</subfield>
      <subfield code="a">La Habana</subfield>
      <subfield code="b"> : Fundación Noroeste, Topolobampo y la Cuenca del Pacífico</subfield>
      <subfield code="b"> : Universidad Autónoma de Ciudad Juárez</subfield>
      <subfield code="b"> : Centro de Estudios de Asia y Oceanía de Cuba</subfield>
      <subfield code="c"> , 2000</subfield>
    </datafield>
    <datafield tag="942" ind1=" " ind2=" ">
      <subfield code="c">BK</subfield>
    </datafield>
    <datafield tag="952" ind1=" " ind2=" ">
      <subfield code="a">BIB_UASJ</subfield>
      <subfield code="b">BIB_UASJ</subfield>
      <subfield code="d">2008-11-06</subfield>
      <subfield code="y">BK</subfield>
      <subfield code="p">04-36469</subfield>
    </datafield>
  </record>