
  <record>
    <leader>01000aam  22002601a 4500</leader>
    <controlfield tag="001">YPZ90231</controlfield>
    <controlfield tag="003">YPZ</controlfield>
    <controlfield tag="005">200811101048470</controlfield>
    <controlfield tag="008">081110|###########||||||b||||||||||spa|d</controlfield>
    <datafield tag="020" ind1=" " ind2=" ">
      <subfield code="a">9509616044</subfield>
    </datafield>
    <datafield tag="040" ind1=" " ind2=" ">
      <subfield code="c">SIUNPA</subfield>
    </datafield>
    <datafield tag="041" ind1=" " ind2=" ">
      <subfield code="a">spa</subfield>
    </datafield>
    <datafield tag="044" ind1=" " ind2=" ">
      <subfield code="a">AR</subfield>
    </datafield>
    <datafield tag="082" ind1=" " ind2=" ">
      <subfield code="a">349.2 A691l4</subfield>
    </datafield>
    <datafield tag="110" ind1=" " ind2=" ">
      <subfield code="a">Argentina. Leyes, etc..</subfield>
    </datafield>
    <datafield tag="240" ind1=" " ind2=" ">
      <subfield code="a">[Ley no. 20.744]</subfield>
    </datafield>
    <datafield tag="245" ind1=" " ind2=" ">
      <subfield code="a">Ley de contrato de trabajo</subfield>
      <subfield code="b"> : ley nº 20.744 con las modificaciones de la Ley 21.297 y según el texto ordenado aprobado por el decreto 390/76</subfield>
      <subfield code="c"> / Veas Oyarzo, J.M., comp.</subfield>
    </datafield>
    <datafield tag="250" ind1=" " ind2=" ">
      <subfield code="a">4a ed., 1a reimpr.</subfield>
    </datafield>
    <datafield tag="260" ind1=" " ind2=" ">
      <subfield code="a">Buenos Aires</subfield>
      <subfield code="b"> : Adrograf Argentina</subfield>
      <subfield code="c"> , 1994</subfield>
    </datafield>
    <datafield tag="500" ind1=" " ind2=" ">
      <subfield code="a">En portada: con las reformas a los artículos: #252 - Ley 21.659 - #177 - Ley 21.824 - #2 - Ley 22.248 - #192 - Ley 22.276 - #121 - Ley 23.041 - #266 - Ley 23.472 - #276 - Ley 23616 - #120, #147 y #149 - Decreto 484/87 - #105 bis - Decreto 1477/89 -- Las modificaciones introducidas por la Ley Nacional de Empleo (Ley 24.013) en los artículos: 29, 29bis, 96, 98, 99, 173, 198 y 245 -- Los Decretos Nº 7/93 y Nº 48/93</subfield>
    </datafield>
    <datafield tag="942" ind1=" " ind2=" ">
      <subfield code="c">BK</subfield>
    </datafield>
    <datafield tag="952" ind1=" " ind2=" ">
      <subfield code="a">BIB_UARG</subfield>
      <subfield code="b">BIB_UARG</subfield>
      <subfield code="d">2008-10-15</subfield>
      <subfield code="y">BK</subfield>
      <subfield code="p">05-08132</subfield>
    </datafield>
  </record>