
  <record>
    <leader>01000aam  22002601a 4500</leader>
    <controlfield tag="001">YPZ90244</controlfield>
    <controlfield tag="003">YPZ</controlfield>
    <controlfield tag="005">200811111042230</controlfield>
    <controlfield tag="008">081111|###########||||||b||||||||||spa|d</controlfield>
    <datafield tag="040" ind1=" " ind2=" ">
      <subfield code="c">SIUNPA</subfield>
    </datafield>
    <datafield tag="041" ind1=" " ind2=" ">
      <subfield code="a">spa</subfield>
    </datafield>
    <datafield tag="044" ind1=" " ind2=" ">
      <subfield code="a">AR</subfield>
    </datafield>
    <datafield tag="082" ind1=" " ind2=" ">
      <subfield code="a">159.937 P428p</subfield>
    </datafield>
    <datafield tag="100" ind1=" " ind2=" ">
      <subfield code="a">Piaget, Jean.</subfield>
    </datafield>
    <datafield tag="700" ind1=" " ind2=" ">
      <subfield code="a">Fraisse, Paul.</subfield>
    </datafield>
    <datafield tag="700" ind1=" " ind2=" ">
      <subfield code="a">Vurpillot, Èliane.</subfield>
    </datafield>
    <datafield tag="700" ind1=" " ind2=" ">
      <subfield code="a">Francès, Robert.</subfield>
    </datafield>
    <datafield tag="245" ind1=" " ind2=" ">
      <subfield code="a">La percepción</subfield>
      <subfield code="c"> / Piaget, Jean, comp. ; Fraisse, Paul, comp. ; Cevasco, María Teresa, versión castellana</subfield>
    </datafield>
    <datafield tag="250" ind1=" " ind2=" ">
      <subfield code="a">1a ed.</subfield>
    </datafield>
    <datafield tag="260" ind1=" " ind2=" ">
      <subfield code="a">Buenos Aires</subfield>
      <subfield code="b"> : Paidós</subfield>
      <subfield code="c"> , 1973</subfield>
    </datafield>
    <datafield tag="440" ind1=" " ind2=" ">
      <subfield code="a">Serie de enseñanza programada El Ateneo. Área Economía y Comercio</subfield>
      <subfield code="a">Biblioteca de Matemática superior</subfield>
      <subfield code="a">Biblioteca nuevas orientaciones de la educación. Formación docente</subfield>
      <subfield code="a">Biblioteca de Psicología y Psicoanálisis</subfield>
      <subfield code="a">Colección Psicología contemporánea</subfield>
      <subfield code="a">Educación hoy y mañana</subfield>
      <subfield code="a">Atención primaria de salud</subfield>
      <subfield code="a">Biblioteca pedagógica. Sección problemática de la educación</subfield>
      <subfield code="a">Lingüística</subfield>
      <subfield code="a">Ariel Geografía</subfield>
      <subfield code="a">GG MassMedia</subfield>
      <subfield code="a">Tratado de Psicología experimental</subfield>
      <subfield code="v">v. 6</subfield>
    </datafield>
    <datafield tag="490" ind1=" " ind2=" ">
      <subfield code="a">Serie de enseñanza programada El Ateneo. Área Economía y Comercio</subfield>
      <subfield code="a">Biblioteca de Matemática superior</subfield>
      <subfield code="a">Biblioteca nuevas orientaciones de la educación. Formación docente</subfield>
      <subfield code="a">Biblioteca de Psicología y Psicoanálisis</subfield>
      <subfield code="a">Colección Psicología contemporánea</subfield>
      <subfield code="a">Educación hoy y mañana</subfield>
      <subfield code="a">Atención primaria de salud</subfield>
      <subfield code="a">Biblioteca pedagógica. Sección problemática de la educación</subfield>
      <subfield code="a">Lingüística</subfield>
      <subfield code="a">Ariel Geografía</subfield>
      <subfield code="a">GG MassMedia</subfield>
      <subfield code="a">Tratado de Psicología experimental</subfield>
      <subfield code="v">v. 6</subfield>
    </datafield>
    <datafield tag="942" ind1=" " ind2=" ">
      <subfield code="c">BK</subfield>
    </datafield>
    <datafield tag="952" ind1=" " ind2=" ">
      <subfield code="a">BIB_UARG</subfield>
      <subfield code="b">BIB_UARG</subfield>
      <subfield code="d">2008-10-15</subfield>
      <subfield code="y">BK</subfield>
      <subfield code="p">05-05364</subfield>
    </datafield>
  </record>