
  <record>
    <leader>01000aam  22002601a 4500</leader>
    <controlfield tag="001">YPZ90274</controlfield>
    <controlfield tag="003">YPZ</controlfield>
    <controlfield tag="005">200811121311200</controlfield>
    <controlfield tag="008">081112|###########||||||b||||||||||spa|d</controlfield>
    <datafield tag="020" ind1=" " ind2=" ">
      <subfield code="a">8440631413</subfield>
    </datafield>
    <datafield tag="040" ind1=" " ind2=" ">
      <subfield code="c">SIUNPA</subfield>
    </datafield>
    <datafield tag="041" ind1=" " ind2=" ">
      <subfield code="a">spa</subfield>
    </datafield>
    <datafield tag="044" ind1=" " ind2=" ">
      <subfield code="a">ES</subfield>
    </datafield>
    <datafield tag="082" ind1=" " ind2=" ">
      <subfield code="a">821.134.2(7/8).09</subfield>
    </datafield>
    <datafield tag="100" ind1=" " ind2=" ">
      <subfield code="a">Marras, Sergio.</subfield>
    </datafield>
    <datafield tag="245" ind1=" " ind2=" ">
      <subfield code="a">América Latina marca registrada</subfield>
    </datafield>
    <datafield tag="250" ind1=" " ind2=" ">
      <subfield code="a">1a ed.</subfield>
    </datafield>
    <datafield tag="260" ind1=" " ind2=" ">
      <subfield code="a">Barcelona</subfield>
      <subfield code="a">Santiago de Chile</subfield>
      <subfield code="a">Guadalajara</subfield>
      <subfield code="b"> : Ediciones B</subfield>
      <subfield code="b"> : Andrés Bello</subfield>
      <subfield code="b"> : Universidad de Guadalajara</subfield>
      <subfield code="c"> , 1992</subfield>
    </datafield>
    <datafield tag="500" ind1=" " ind2=" ">
      <subfield code="a">En portada: conversaciones con Jorge Amado, Mario Benedetti, Adolfo Bioy Casares, Guillermo Cabrera Infante, Rene Depestra, José Donoso, Jorge Edwards, Roberto Fernández Retamar, Carlos Fuentes, Juan Carlos Onetti, Nicanor Parra, Octavio paz, Augusto Roa Bastos, Ernesto Sábato, Arturo Uslar Pietri, Mario Vargas LLosa</subfield>
    </datafield>
    <datafield tag="942" ind1=" " ind2=" ">
      <subfield code="c">BK</subfield>
    </datafield>
    <datafield tag="952" ind1=" " ind2=" ">
      <subfield code="a">BIB_UACO</subfield>
      <subfield code="b">BIB_UACO</subfield>
      <subfield code="d">2008-10-28</subfield>
      <subfield code="y">BK</subfield>
      <subfield code="p">02-03742</subfield>
    </datafield>
    <datafield tag="952" ind1=" " ind2=" ">
      <subfield code="a">BIB_UARG</subfield>
      <subfield code="b">BIB_UARG</subfield>
      <subfield code="d">2008-11-12</subfield>
      <subfield code="y">BK</subfield>
      <subfield code="p">05-11335</subfield>
    </datafield>
  </record>