
  <record>
    <leader>01000aam  22002601a 4500</leader>
    <controlfield tag="001">YPZ90276</controlfield>
    <controlfield tag="003">YPZ</controlfield>
    <controlfield tag="005">200811121423460</controlfield>
    <controlfield tag="008">081112|###########||||||b||||||||||spa|d</controlfield>
    <datafield tag="020" ind1=" " ind2=" ">
      <subfield code="a">0792310802</subfield>
    </datafield>
    <datafield tag="040" ind1=" " ind2=" ">
      <subfield code="c">SIUNPA</subfield>
    </datafield>
    <datafield tag="041" ind1=" " ind2=" ">
      <subfield code="a">eng</subfield>
    </datafield>
    <datafield tag="044" ind1=" " ind2=" ">
      <subfield code="a">NL</subfield>
    </datafield>
    <datafield tag="082" ind1=" " ind2=" ">
      <subfield code="a">662.74 F981f</subfield>
    </datafield>
    <datafield tag="110" ind1=" " ind2=" ">
      <subfield code="a">Nato Adavanced Research Woarkshop on Fundamental Issues in Control of Carbon Gasification Reactivity (1990 : Saint Paul lez Durance, Francia).</subfield>
    </datafield>
    <datafield tag="245" ind1=" " ind2=" ">
      <subfield code="a">Fundamental issues in control of carbon gasification reactivity</subfield>
      <subfield code="c"> / Lahaye, Jacques, ed. ; Ehrburger, Pierre, ed.</subfield>
    </datafield>
    <datafield tag="260" ind1=" " ind2=" ">
      <subfield code="a">Dordrecht</subfield>
      <subfield code="b"> : Kluwer</subfield>
      <subfield code="b"> : NATO Scientific Affairs Division</subfield>
      <subfield code="c"> , 1991</subfield>
    </datafield>
    <datafield tag="440" ind1=" " ind2=" ">
      <subfield code="a">Sección de obras de Antropología</subfield>
      <subfield code="a">Serie reporter</subfield>
      <subfield code="a">NATO ASI series. Series E, Applied sciences</subfield>
      <subfield code="v">v. 192</subfield>
    </datafield>
    <datafield tag="490" ind1=" " ind2=" ">
      <subfield code="a">Sección de obras de Antropología</subfield>
      <subfield code="a">Serie reporter</subfield>
      <subfield code="a">NATO ASI series. Series E, Applied sciences</subfield>
      <subfield code="v">v. 192</subfield>
    </datafield>
    <datafield tag="500" ind1=" " ind2=" ">
      <subfield code="a">Proceedings of the Nato Adavanced Research Woarkshop on Fundamental Issues in Control of Carbon Gasification Reactivity</subfield>
    </datafield>
    <datafield tag="942" ind1=" " ind2=" ">
      <subfield code="c">BK</subfield>
    </datafield>
    <datafield tag="952" ind1=" " ind2=" ">
      <subfield code="a">BIB_UART</subfield>
      <subfield code="b">BIB_UART</subfield>
      <subfield code="d">2008-11-12</subfield>
      <subfield code="y">BK</subfield>
      <subfield code="p">03-36703</subfield>
    </datafield>
  </record>